<?xml version="1.0" encoding="UTF-8"?>
<!DOCTYPE html PUBLIC "-//W3C//DTD XHTML 1.0 Transitional//EN"
    "http://www.w3.org/TR/xhtml1/DTD/xhtml1-transitional.dtd">
<html xmlns="http://www.w3.org/1999/xhtml" xml:lang="en" lang="en">
 <head>
  <title>
</title>
<meta http-equiv="Content-Type" content="text/html;charset=utf-8" />
  <meta name='ocr-system' content='tesseract 3.04.00' />
  <meta name='ocr-capabilities' content='ocr_page ocr_carea ocr_par ocr_line ocrx_word'/>
</head>
<body>
  <div class='ocr_page' id='page_1' title='image "./defidecodicisve00junggoog_0038.png"; bbox 0 0 3200 5030; ppageno 0'>
   <div class='ocr_carea' id='block_1_1' title="bbox 692 369 733 433">
    <p class='ocr_par' dir='ltr' id='par_1_1' title="bbox 692 369 733 433">
     <span class='ocr_line' id='line_1_1' title="bbox 692 369 733 433; baseline 0.049 -2"><span class='ocrx_word' id='word_1_1' title='bbox 692 369 733 433; x_wconf 89' lang='grc'>29</span> 
     </span>
    </p>
   </div>
   <div class='ocr_carea' id='block_1_2' title="bbox 636 458 787 466">
    <p class='ocr_par' dir='ltr' id='par_1_2' title="bbox 636 458 787 466">
     <span class='ocr_line' id='line_1_2' title="bbox 636 458 787 466; baseline 0 0"><span class='ocrx_word' id='word_1_2' title='bbox 636 458 787 466; x_wconf 59' lang='grc' dir='ltr'>-ι-ι--α---σ-</span> 
     </span>
    </p>
   </div>
   <div class='ocr_carea' id='block_1_3' title="bbox 122 567 1300 4035">
    <p class='ocr_par' dir='ltr' id='par_1_3' title="bbox 122 567 1289 964">
     <span class='ocr_line' id='line_1_3' title="bbox 122 567 1289 657; baseline -0.004 -20"><span class='ocrx_word' id='word_1_3' title='bbox 122 573 244 657; x_wconf 90' lang='lat' dir='ltr'>Itaque</span> <span class='ocrx_word' id='word_1_4' title='bbox 266 570 335 634; x_wconf 92' lang='lat' dir='ltr'>sine</span> <span class='ocrx_word' id='word_1_5' title='bbox 356 567 421 632; x_wconf 92' lang='lat' dir='ltr'>ulla</span> <span class='ocrx_word' id='word_1_6' title='bbox 443 568 643 634; x_wconf 76' lang='lat' dir='ltr'><strong>dubitatione</strong></span> <span class='ocrx_word' id='word_1_7' title='bbox 665 569 860 636; x_wconf 80' lang='lat' dir='ltr'>Veronensis</span> <span class='ocrx_word' id='word_1_8' title='bbox 880 569 1054 633; x_wconf 89' lang='lat' dir='ltr'>verborum</span> <span class='ocrx_word' id='word_1_9' title='bbox 1078 569 1233 650; x_wconf 86' lang='lat' dir='ltr'><strong>ordinem,</strong></span> <span class='ocrx_word' id='word_1_10' title='bbox 1254 569 1289 632; x_wconf 91' lang='lat' dir='ltr'>in</span> 
     </span>
     <span class='ocr_line' id='line_1_4' title="bbox 125 668 1289 760; baseline -0.003 -23"><span class='ocrx_word' id='word_1_11' title='bbox 125 694 195 760; x_wconf 89' lang='lat' dir='ltr'>quo</span> <span class='ocrx_word' id='word_1_12' title='bbox 224 693 298 746; x_wconf 84' lang='lat' dir='ltr'>cum</span> <span class='ocrx_word' id='word_1_13' title='bbox 328 681 412 736; x_wconf 87' lang='lat' dir='ltr'>esset</span> <span class='ocrx_word' id='word_1_14' title='bbox 440 671 630 754; x_wconf 81' lang='lat' dir='ltr'>inusitatior,</span> <span class='ocrx_word' id='word_1_15' title='bbox 652 672 858 737; x_wconf 80' lang='lat' dir='ltr'>Victorianus</span> <span class='ocrx_word' id='word_1_16' title='bbox 891 670 942 737; x_wconf 89' lang='lat' dir='ltr'>vel</span> <span class='ocrx_word' id='word_1_17' title='bbox 970 668 1160 736; x_wconf 80' lang='lat' dir='ltr'>Nicomachi</span> <span class='ocrx_word' id='word_1_18' title='bbox 1193 670 1289 735; x_wconf 84' lang='lat' dir='ltr'>offen-</span> 
     </span>
     <span class='ocr_line' id='line_1_5' title="bbox 125 772 1289 860; baseline -0.004 -19"><span class='ocrx_word' id='word_1_19' title='bbox 125 776 253 841; x_wconf 70' lang='lat' dir='ltr'>derunt.</span> <span class='ocrx_word' id='word_1_20' title='bbox 285 773 424 860; x_wconf 85' lang='lat' dir='ltr'>ideoque</span> <span class='ocrx_word' id='word_1_21' title='bbox 460 772 626 859; x_wconf 87' lang='lat' dir='ltr'>vulgatum</span> <span class='ocrx_word' id='word_1_22' title='bbox 670 775 902 840; x_wconf 82' lang='lat' dir='ltr'>substituerunt</span> <span class='ocrx_word' id='word_1_23' title='bbox 939 776 999 860; x_wconf 87' lang='lat' dir='ltr'>(cf.</span> <span class='ocrx_word' id='word_1_24' title='bbox 1037 775 1083 840; x_wconf 84' lang='lat' dir='ltr'>ad</span> <span class='ocrx_word' id='word_1_25' title='bbox 1117 775 1157 855; x_wconf 85' lang='lat'>4,</span> <span class='ocrx_word' id='word_1_26' title='bbox 1189 774 1238 855; x_wconf 98' lang='grc'>17,</span> <span class='ocrx_word' id='word_1_27' title='bbox 1269 773 1289 836; x_wconf 86' lang='grc'><strong>9</strong></span> 
     </span>
     <span class='ocr_line' id='line_1_6' title="bbox 123 877 1076 964; baseline -0.001 -23"><span class='ocrx_word' id='word_1_28' title='bbox 123 901 210 964; x_wconf 77' lang='lat' dir='ltr'>pap.</span> <span class='ocrx_word' id='word_1_29' title='bbox 232 877 253 941; x_wconf 88' lang='lat'>8</span> <span class='ocrx_word' id='word_1_30' title='bbox 275 881 368 962; x_wconf 72' lang='lat' dir='ltr'>seq),</span> <span class='ocrx_word' id='word_1_31' title='bbox 390 877 565 962; x_wconf 85' lang='lat' dir='ltr'>genuinum</span> <span class='ocrx_word' id='word_1_32' title='bbox 588 877 838 944; x_wconf 85' lang='lat' dir='ltr'>existimandum</span> <span class='ocrx_word' id='word_1_33' title='bbox 860 900 930 943; x_wconf 86' lang='lat' dir='ltr'>esse</span> <span class='ocrx_word' id='word_1_34' title='bbox 952 898 1076 943; x_wconf 87' lang='lat' dir='ltr'>censeo.</span> 
     </span>
    </p>

    <p class='ocr_par' dir='ltr' id='par_1_4' title="bbox 125 977 1300 4035">
     <span class='ocr_line' id='line_1_7' title="bbox 217 977 1289 1068; baseline -0.005 -24"><span class='ocrx_word' id='word_1_35' title='bbox 217 977 381 1065; x_wconf 86' lang='lat' dir='ltr'>Sequitur,</span> <span class='ocrx_word' id='word_1_36' title='bbox 417 1000 614 1065; x_wconf 90' lang='lat' dir='ltr'>quamquam</span> <span class='ocrx_word' id='word_1_37' title='bbox 649 981 780 1066; x_wconf 90' lang='lat' dir='ltr'>proprie</span> <span class='ocrx_word' id='word_1_38' title='bbox 816 979 857 1044; x_wconf 90' lang='lat' dir='ltr'>ad</span> <span class='ocrx_word' id='word_1_39' title='bbox 894 979 1012 1068; x_wconf 88' lang='lat' dir='ltr'>objecti</span> <span class='ocrx_word' id='word_1_40' title='bbox 1048 977 1289 1042; x_wconf 88' lang='lat' dir='ltr'>collocationem</span> 
     </span>
     <span class='ocr_line' id='line_1_8' title="bbox 126 1077 1289 1168; baseline -0.003 -21"><span class='ocrx_word' id='word_1_41' title='bbox 126 1082 278 1168; x_wconf 85' lang='lat' dir='ltr'>pertinet,</span> <span class='ocrx_word' id='word_1_42' title='bbox 313 1080 395 1146; x_wconf 89' lang='lat' dir='ltr'>alter</span> <span class='ocrx_word' id='word_1_43' title='bbox 429 1079 535 1164; x_wconf 85' lang='lat' dir='ltr'>locus,</span> <span class='ocrx_word' id='word_1_44' title='bbox 569 1103 632 1166; x_wconf 91' lang='lat' dir='ltr'>quo</span> <span class='ocrx_word' id='word_1_45' title='bbox 665 1084 742 1147; x_wconf 86' lang='lat' dir='ltr'>item</span> <span class='ocrx_word' id='word_1_46' title='bbox 775 1081 909 1147; x_wconf 89' lang='lat' dir='ltr'>ablativi</span> <span class='ocrx_word' id='word_1_47' title='bbox 940 1080 1078 1147; x_wconf 85' lang='lat' dir='ltr'>absoluti</span> <span class='ocrx_word' id='word_1_48' title='bbox 1112 1077 1289 1166; x_wconf 83' lang='lat' dir='ltr'>particulae</span> 
     </span>
     <span class='ocr_line' id='line_1_9' title="bbox 125 1183 1289 1272; baseline -0.002 -26"><span class='ocrx_word' id='word_1_49' title='bbox 125 1185 320 1270; x_wconf 86' lang='lat' dir='ltr'>pronomine</span> <span class='ocrx_word' id='word_1_50' title='bbox 357 1183 628 1267; x_wconf 84' lang='lat' dir='ltr'>demonstrativo,</span> <span class='ocrx_word' id='word_1_51' title='bbox 666 1185 753 1272; x_wconf 90' lang='lat' dir='ltr'>quod</span> <span class='ocrx_word' id='word_1_52' title='bbox 790 1184 909 1271; x_wconf 90' lang='lat' dir='ltr'>objecti</span> <span class='ocrx_word' id='word_1_53' title='bbox 944 1186 1016 1250; x_wconf 87' lang='lat' dir='ltr'>vice</span> <span class='ocrx_word' id='word_1_54' title='bbox 1055 1184 1219 1267; x_wconf 85' lang='lat' dir='ltr'>fungitur,</span> <span class='ocrx_word' id='word_1_55' title='bbox 1256 1183 1289 1245; x_wconf 93' lang='lat' dir='ltr'>in</span> 
     </span>
     <span class='ocr_line' id='line_1_10' title="bbox 128 1285 1291 1373; baseline -0.002 -23"><span class='ocrx_word' id='word_1_56' title='bbox 128 1286 312 1351; x_wconf 87' lang='lat' dir='ltr'>Veronensi</span> <span class='ocrx_word' id='word_1_57' title='bbox 337 1295 503 1372; x_wconf 87' lang='lat' dir='ltr'>separatae</span> <span class='ocrx_word' id='word_1_58' title='bbox 533 1297 607 1352; x_wconf 86' lang='lat' dir='ltr'>sunt</span> <span class='ocrx_word' id='word_1_59' title='bbox 635 1288 674 1369; x_wconf 89' lang='grc'>4,</span> <span class='ocrx_word' id='word_1_60' title='bbox 702 1288 751 1370; x_wconf 88' lang='grc'>13,</span> <span class='ocrx_word' id='word_1_61' title='bbox 776 1289 797 1352; x_wconf 90' lang='grc'>5</span> <span class='ocrx_word' id='word_1_62' title='bbox 826 1308 928 1373; x_wconf 85' lang='lat' dir='ltr'>„quae</span> <span class='ocrx_word' id='word_1_63' title='bbox 957 1309 1008 1352; x_wconf 90' lang='lat' dir='ltr'>res</span> <span class='ocrx_word' id='word_1_64' title='bbox 1037 1285 1176 1350; x_wconf 88' lang='lat' dir='ltr'>necdum</span> <span class='ocrx_word' id='word_1_65' title='bbox 1205 1304 1291 1348; x_wconf 90' lang='lat' dir='ltr'>corn-</span> 
     </span>
     <span class='ocr_line' id='line_1_11' title="bbox 130 1388 1289 1475; baseline -0.003 -22"><span class='ocrx_word' id='word_1_66' title='bbox 130 1389 246 1475; x_wconf 92' lang='lat' dir='ltr'>positis</span> <span class='ocrx_word' id='word_1_67' title='bbox 283 1411 356 1454; x_wconf 89' lang='lat' dir='ltr'>eum</span> <span class='ocrx_word' id='word_1_68' title='bbox 391 1390 565 1455; x_wconf 83' lang='lat' dir='ltr'>maturisve</span> <span class='ocrx_word' id='word_1_69' title='bbox 601 1391 679 1454; x_wconf 87' lang='lat' dir='ltr'>satis</span> <span class='ocrx_word' id='word_1_70' title='bbox 714 1388 856 1454; x_wconf 91' lang='lat' dir='ltr'>consiliis</span> <span class='ocrx_word' id='word_1_71' title='bbox 890 1389 1069 1475; x_wconf 83' lang='lat' dir='ltr'>oppressit“</span> <span class='ocrx_word' id='word_1_72' title='bbox 1081 1435 1089 1470; x_wconf 91' lang='lat'>,</span> <span class='ocrx_word' id='word_1_73' title='bbox 1130 1410 1203 1452; x_wconf 89' lang='lat' dir='ltr'>cum</span> <span class='ocrx_word' id='word_1_74' title='bbox 1235 1409 1289 1451; x_wconf 86' lang='lat' dir='ltr'>ex-</span> 
     </span>
     <span class='ocr_line' id='line_1_12' title="bbox 129 1490 1289 1578; baseline 0 -24"><span class='ocrx_word' id='word_1_75' title='bbox 129 1490 242 1556; x_wconf 90' lang='lat' dir='ltr'>hibeat</span> <span class='ocrx_word' id='word_1_76' title='bbox 255 1491 442 1557; x_wconf 86' lang='lat' dir='ltr'>Victoriana</span> <span class='ocrx_word' id='word_1_77' title='bbox 464 1513 566 1578; x_wconf 82' lang='lat' dir='ltr'>„quae</span> <span class='ocrx_word' id='word_1_78' title='bbox 587 1515 639 1556; x_wconf 89' lang='lat' dir='ltr'>res</span> <span class='ocrx_word' id='word_1_79' title='bbox 661 1513 732 1556; x_wconf 91' lang='lat' dir='ltr'>eum</span> <span class='ocrx_word' id='word_1_80' title='bbox 751 1492 888 1557; x_wconf 88' lang='lat' dir='ltr'>necdum</span> <span class='ocrx_word' id='word_1_81' title='bbox 906 1491 1091 1576; x_wconf 88' lang='lat' dir='ltr'>compositis</span> <span class='ocrx_word' id='word_1_82' title='bbox 1111 1491 1289 1554; x_wconf 87' lang='lat' dir='ltr'>maturisve</span> 
     </span>
     <span class='ocr_line' id='line_1_13' title="bbox 129 1592 1291 1680; baseline -0.003 -22"><span class='ocrx_word' id='word_1_83' title='bbox 129 1593 212 1658; x_wconf 86' lang='lat' dir='ltr'>satis</span> <span class='ocrx_word' id='word_1_84' title='bbox 239 1593 379 1658; x_wconf 91' lang='lat' dir='ltr'>consiliis</span> <span class='ocrx_word' id='word_1_85' title='bbox 409 1595 600 1680; x_wconf 79' lang='lat' dir='ltr'>oppressit“.</span> <span class='ocrx_word' id='word_1_86' title='bbox 644 1593 804 1680; x_wconf 84' lang='lat' dir='ltr'>Exempla</span> <span class='ocrx_word' id='word_1_87' title='bbox 833 1593 973 1680; x_wconf 90' lang='lat' dir='ltr'>quidem,</span> <span class='ocrx_word' id='word_1_88' title='bbox 1002 1594 1036 1656; x_wconf 92' lang='lat' dir='ltr'>in</span> <span class='ocrx_word' id='word_1_89' title='bbox 1066 1593 1183 1678; x_wconf 91' lang='lat' dir='ltr'>quibus</span> <span class='ocrx_word' id='word_1_90' title='bbox 1207 1592 1291 1656; x_wconf 91' lang='lat' dir='ltr'>inter</span> 
     </span>
     <span class='ocr_line' id='line_1_14' title="bbox 129 1693 1291 1783; baseline 0 -24"><span class='ocrx_word' id='word_1_91' title='bbox 129 1696 340 1783; x_wconf 85' lang='lat' dir='ltr'>participium</span> <span class='ocrx_word' id='word_1_92' title='bbox 368 1706 400 1761; x_wconf 91' lang='lat' dir='ltr'>et</span> <span class='ocrx_word' id='word_1_93' title='bbox 427 1718 545 1762; x_wconf 88' lang='lat' dir='ltr'>nomen</span> <span class='ocrx_word' id='word_1_94' title='bbox 572 1697 806 1763; x_wconf 89' lang='lat' dir='ltr'>substantivum</span> <span class='ocrx_word' id='word_1_95' title='bbox 835 1695 970 1761; x_wconf 88' lang='lat' dir='ltr'>ablativi</span> <span class='ocrx_word' id='word_1_96' title='bbox 996 1693 1135 1761; x_wconf 88' lang='lat' dir='ltr'>absoluti</span> <span class='ocrx_word' id='word_1_97' title='bbox 1160 1715 1291 1759; x_wconf 90' lang='lat' dir='ltr'>accusa-</span> 
     </span>
     <span class='ocr_line' id='line_1_15' title="bbox 127 1797 1290 1885; baseline 0 -23"><span class='ocrx_word' id='word_1_98' title='bbox 127 1799 218 1864; x_wconf 87' lang='lat' dir='ltr'>tivus</span> <span class='ocrx_word' id='word_1_99' title='bbox 233 1797 406 1864; x_wconf 87' lang='lat' dir='ltr'>collocatus</span> <span class='ocrx_word' id='word_1_100' title='bbox 423 1799 473 1881; x_wconf 87' lang='lat' dir='ltr'>sit,</span> <span class='ocrx_word' id='word_1_101' title='bbox 496 1800 558 1863; x_wconf 92' lang='lat' dir='ltr'>duo</span> <span class='ocrx_word' id='word_1_102' title='bbox 569 1800 594 1885; x_wconf 90' lang='lat'>¹)</span> <span class='ocrx_word' id='word_1_103' title='bbox 618 1809 741 1866; x_wconf 89' lang='lat' dir='ltr'>tantum</span> <span class='ocrx_word' id='word_1_104' title='bbox 762 1798 852 1885; x_wconf 89' lang='lat' dir='ltr'>apud</span> <span class='ocrx_word' id='word_1_105' title='bbox 865 1799 996 1864; x_wconf 90' lang='lat' dir='ltr'>Livium</span> <span class='ocrx_word' id='word_1_106' title='bbox 1017 1799 1142 1864; x_wconf 89' lang='lat' dir='ltr'>notavi:</span> <span class='ocrx_word' id='word_1_107' title='bbox 1166 1800 1194 1881; x_wconf 90' lang='lat' dir='ltr'>l,</span> <span class='ocrx_word' id='word_1_108' title='bbox 1207 1797 1290 1878; x_wconf 83' lang='grc'>39,2</span> 
     </span>
     <span class='ocr_line' id='line_1_16' title="bbox 132 1899 1290 1988; baseline 0.002 -24"><span class='ocrx_word' id='word_1_109' title='bbox 132 1899 330 1988; x_wconf 89' lang='lat' dir='ltr'>„sedatoque</span> <span class='ocrx_word' id='word_1_110' title='bbox 356 1923 427 1966; x_wconf 88' lang='lat' dir='ltr'>eam</span> <span class='ocrx_word' id='word_1_111' title='bbox 455 1900 596 1966; x_wconf 87' lang='lat' dir='ltr'>tumultu</span> <span class='ocrx_word' id='word_1_112' title='bbox 622 1903 747 1967; x_wconf 89' lang='lat' dir='ltr'>moveri</span> <span class='ocrx_word' id='word_1_113' title='bbox 775 1902 914 1967; x_wconf 89' lang='lat' dir='ltr'>vetuisse</span> <span class='ocrx_word' id='word_1_114' title='bbox 935 1905 1110 1986; x_wconf 84' lang='lat' dir='ltr'>puerum“;</span> <span class='ocrx_word' id='word_1_115' title='bbox 1136 1902 1188 1982; x_wconf 87' lang='grc'>25,</span> <span class='ocrx_word' id='word_1_116' title='bbox 1203 1901 1233 1983; x_wconf 90' lang='grc'>3,</span> <span class='ocrx_word' id='word_1_117' title='bbox 1253 1902 1290 1966; x_wconf 89' lang='lat'>18</span> 
     </span>
     <span class='ocr_line' id='line_1_17' title="bbox 132 2002 1291 2089; baseline -0.001 -22"><span class='ocrx_word' id='word_1_118' title='bbox 132 2025 372 2089; x_wconf 83' lang='lat' dir='ltr'>„pervacuum</span> <span class='ocrx_word' id='word_1_119' title='bbox 394 2013 554 2068; x_wconf 91' lang='lat' dir='ltr'>summoto</span> <span class='ocrx_word' id='word_1_120' title='bbox 575 2002 681 2067; x_wconf 91' lang='lat' dir='ltr'>locum</span> <span class='ocrx_word' id='word_1_121' title='bbox 703 2006 841 2086; x_wconf 84' lang='lat' dir='ltr'>cuneo“;</span> <span class='ocrx_word' id='word_1_122' title='bbox 864 2023 966 2089; x_wconf 87' lang='lat' dir='ltr'>eoque</span> <span class='ocrx_word' id='word_1_123' title='bbox 986 2003 1089 2088; x_wconf 85' lang='lat' dir='ltr'>magis</span> <span class='ocrx_word' id='word_1_124' title='bbox 1105 2004 1291 2068; x_wconf 86' lang='lat' dir='ltr'>correctori-</span> 
     </span>
     <span class='ocr_line' id='line_1_18' title="bbox 130 2105 1290 2192; baseline 0 -21"><span class='ocrx_word' id='word_1_125' title='bbox 130 2105 195 2171; x_wconf 88' lang='lat' dir='ltr'>bus</span> <span class='ocrx_word' id='word_1_126' title='bbox 224 2105 286 2170; x_wconf 93' lang='lat' dir='ltr'>illis</span> <span class='ocrx_word' id='word_1_127' title='bbox 315 2107 455 2192; x_wconf 88' lang='lat' dir='ltr'>antiquis</span> <span class='ocrx_word' id='word_1_128' title='bbox 483 2108 650 2192; x_wconf 88' lang='lat' dir='ltr'>scriptura,</span> <span class='ocrx_word' id='word_1_129' title='bbox 681 2126 777 2191; x_wconf 90' lang='lat' dir='ltr'>quam</span> <span class='ocrx_word' id='word_1_130' title='bbox 806 2108 840 2169; x_wconf 91' lang='lat' dir='ltr'>in</span> <span class='ocrx_word' id='word_1_131' title='bbox 868 2105 980 2169; x_wconf 88' lang='lat' dir='ltr'>codice</span> <span class='ocrx_word' id='word_1_132' title='bbox 1009 2127 1067 2170; x_wconf 93' lang='lat' dir='ltr'>suo</span> <span class='ocrx_word' id='word_1_133' title='bbox 1089 2106 1290 2188; x_wconf 85' lang='lat' dir='ltr'>invenerunt,</span> 
     </span>
     <span class='ocr_line' id='line_1_19' title="bbox 130 2206 1292 2295; baseline 0.001 -23"><span class='ocrx_word' id='word_1_134' title='bbox 130 2210 216 2272; x_wconf 88' lang='lat' dir='ltr'>mira</span> <span class='ocrx_word' id='word_1_135' title='bbox 237 2218 333 2294; x_wconf 88' lang='lat' dir='ltr'>atque</span> <span class='ocrx_word' id='word_1_136' title='bbox 355 2217 507 2295; x_wconf 89' lang='lat' dir='ltr'>suspecta</span> <span class='ocrx_word' id='word_1_137' title='bbox 528 2231 598 2274; x_wconf 86' lang='lat' dir='ltr'>esse</span> <span class='ocrx_word' id='word_1_138' title='bbox 619 2208 733 2293; x_wconf 90' lang='lat' dir='ltr'>potuit.</span> <span class='ocrx_word' id='word_1_139' title='bbox 778 2206 824 2272; x_wconf 88' lang='lat' dir='ltr'>Ut</span> <span class='ocrx_word' id='word_1_140' title='bbox 851 2230 909 2272; x_wconf 91' lang='lat' dir='ltr'>nos</span> <span class='ocrx_word' id='word_1_141' title='bbox 938 2206 1038 2272; x_wconf 92' lang='lat' dir='ltr'>nihilo</span> <span class='ocrx_word' id='word_1_142' title='bbox 1065 2209 1169 2273; x_wconf 90' lang='lat' dir='ltr'>secius</span> <span class='ocrx_word' id='word_1_143' title='bbox 1192 2209 1292 2273; x_wconf 90' lang='lat' dir='ltr'>Vero-</span> 
     </span>
     <span class='ocr_line' id='line_1_20' title="bbox 131 2309 1299 2397; baseline -0.001 -22"><span class='ocrx_word' id='word_1_144' title='bbox 131 2311 242 2382; x_wconf 87' lang='lat' dir='ltr'>nensis</span> <span class='ocrx_word' id='word_1_145' title='bbox 270 2309 441 2376; x_wconf 89' lang='lat' dir='ltr'>lectionem</span> <span class='ocrx_word' id='word_1_146' title='bbox 467 2311 697 2396; x_wconf 86' lang='lat' dir='ltr'>praeferamus,</span> <span class='ocrx_word' id='word_1_147' title='bbox 726 2318 858 2376; x_wconf 91' lang='lat' dir='ltr'>movent</span> <span class='ocrx_word' id='word_1_148' title='bbox 877 2320 1005 2397; x_wconf 90' lang='lat' dir='ltr'>praeter</span> <span class='ocrx_word' id='word_1_149' title='bbox 1027 2310 1299 2376; x_wconf 86' lang='lat' dir='ltr'>consuetudinem</span> 
     </span>
     <span class='ocr_line' id='line_1_21' title="bbox 130 2411 1290 2499; baseline -0.002 -21"><span class='ocrx_word' id='word_1_150' title='bbox 130 2413 222 2478; x_wconf 84' lang='lat' dir='ltr'>illam</span> <span class='ocrx_word' id='word_1_151' title='bbox 257 2413 435 2478; x_wconf 89' lang='lat' dir='ltr'>Victoriani</span> <span class='ocrx_word' id='word_1_152' title='bbox 477 2423 509 2478; x_wconf 91' lang='lat' dir='ltr'>et</span> <span class='ocrx_word' id='word_1_153' title='bbox 543 2411 828 2496; x_wconf 87' lang='lat' dir='ltr'>Nicomachorum,</span> <span class='ocrx_word' id='word_1_154' title='bbox 865 2413 905 2478; x_wconf 90' lang='lat' dir='ltr'>de</span> <span class='ocrx_word' id='word_1_155' title='bbox 942 2435 1007 2499; x_wconf 89' lang='lat' dir='ltr'>qua</span> <span class='ocrx_word' id='word_1_156' title='bbox 1042 2411 1084 2477; x_wconf 87' lang='lat' dir='ltr'>ad</span> <span class='ocrx_word' id='word_1_157' title='bbox 1120 2415 1150 2495; x_wconf 91' lang='grc'>4,</span> <span class='ocrx_word' id='word_1_158' title='bbox 1186 2411 1235 2495; x_wconf 92' lang='grc'>17,</span> <span class='ocrx_word' id='word_1_159' title='bbox 1270 2411 1290 2476; x_wconf 87' lang='grc'><strong>9</strong></span> 
     </span>
     <span class='ocr_line' id='line_1_22' title="bbox 131 2514 1291 2603; baseline -0.003 -23"><span class='ocrx_word' id='word_1_160' title='bbox 131 2523 232 2603; x_wconf 74' lang='lat' dir='ltr'>(pap.</span> <span class='ocrx_word' id='word_1_161' title='bbox 259 2517 279 2580; x_wconf 91' lang='lat'>8</span> <span class='ocrx_word' id='word_1_162' title='bbox 305 2520 386 2602; x_wconf 81' lang='lat' dir='ltr'>seq.)</span> <span class='ocrx_word' id='word_1_163' title='bbox 417 2516 501 2598; x_wconf 88' lang='lat' dir='ltr'>dixi,</span> <span class='ocrx_word' id='word_1_164' title='bbox 529 2514 594 2580; x_wconf 88' lang='lat' dir='ltr'>duo</span> <span class='ocrx_word' id='word_1_165' title='bbox 624 2515 703 2600; x_wconf 87' lang='lat' dir='ltr'>loci,</span> <span class='ocrx_word' id='word_1_166' title='bbox 730 2536 811 2603; x_wconf 94' lang='lat' dir='ltr'>quos</span> <span class='ocrx_word' id='word_1_167' title='bbox 838 2515 934 2580; x_wconf 91' lang='lat' dir='ltr'>modo</span> <span class='ocrx_word' id='word_1_168' title='bbox 961 2514 1063 2596; x_wconf 84' lang='lat' dir='ltr'>attuli,</span> <span class='ocrx_word' id='word_1_169' title='bbox 1091 2522 1187 2600; x_wconf 87' lang='lat' dir='ltr'>atque</span> <span class='ocrx_word' id='word_1_170' title='bbox 1213 2536 1291 2578; x_wconf 91' lang='lat' dir='ltr'>non-</span> 
     </span>
     <span class='ocr_line' id='line_1_23' title="bbox 132 2615 1292 2704; baseline 0 -22"><span class='ocrx_word' id='word_1_171' title='bbox 132 2618 213 2682; x_wconf 88' lang='lat' dir='ltr'>nulli</span> <span class='ocrx_word' id='word_1_172' title='bbox 234 2641 276 2683; x_wconf 83' lang='lat' dir='ltr'>ex</span> <span class='ocrx_word' id='word_1_173' title='bbox 297 2619 405 2704; x_wconf 90' lang='lat' dir='ltr'>aliqua</span> <span class='ocrx_word' id='word_1_174' title='bbox 419 2625 510 2703; x_wconf 89' lang='lat' dir='ltr'>parte</span> <span class='ocrx_word' id='word_1_175' title='bbox 525 2617 586 2682; x_wconf 90' lang='lat' dir='ltr'>illis</span> <span class='ocrx_word' id='word_1_176' title='bbox 602 2616 731 2700; x_wconf 88' lang='lat' dir='ltr'>similes,</span> <span class='ocrx_word' id='word_1_177' title='bbox 753 2616 810 2681; x_wconf 94' lang='lat' dir='ltr'>ubi</span> <span class='ocrx_word' id='word_1_178' title='bbox 832 2615 993 2702; x_wconf 87' lang='lat' dir='ltr'>objectum</span> <span class='ocrx_word' id='word_1_179' title='bbox 1017 2622 1121 2699; x_wconf 84' lang='lat' dir='ltr'>(occ.)</span> <span class='ocrx_word' id='word_1_180' title='bbox 1144 2625 1176 2680; x_wconf 87' lang='lat' dir='ltr'>et</span> <span class='ocrx_word' id='word_1_181' title='bbox 1195 2639 1292 2703; x_wconf 89' lang='lat' dir='ltr'>saepe</span> 
     </span>
     <span class='ocr_line' id='line_1_24' title="bbox 133 2717 1293 2808; baseline -0.003 -23"><span class='ocrx_word' id='word_1_182' title='bbox 133 2720 265 2808; x_wconf 89' lang='lat' dir='ltr'>quidem</span> <span class='ocrx_word' id='word_1_183' title='bbox 287 2742 464 2806; x_wconf 90' lang='lat' dir='ltr'>pronomen</span> <span class='ocrx_word' id='word_1_184' title='bbox 487 2720 773 2785; x_wconf 90' lang='lat' dir='ltr'>demonstrativum</span> <span class='ocrx_word' id='word_1_185' title='bbox 802 2719 886 2782; x_wconf 92' lang='lat' dir='ltr'>inter</span> <span class='ocrx_word' id='word_1_186' title='bbox 907 2717 986 2782; x_wconf 86' lang='lat' dir='ltr'>alias</span> <span class='ocrx_word' id='word_1_187' title='bbox 1010 2739 1106 2782; x_wconf 90' lang='lat' dir='ltr'>voces</span> <span class='ocrx_word' id='word_1_188' title='bbox 1129 2730 1196 2784; x_wconf 87' lang='lat' dir='ltr'>arte</span> <span class='ocrx_word' id='word_1_189' title='bbox 1219 2740 1293 2783; x_wconf 88' lang='lat' dir='ltr'>con-</span> 
     </span>
     <span class='ocr_line' id='line_1_25' title="bbox 126 2821 1293 2910; baseline -0.001 -22"><span class='ocrx_word' id='word_1_190' title='bbox 126 2824 314 2910; x_wconf 85' lang='lat' dir='ltr'>jungendas</span> <span class='ocrx_word' id='word_1_191' title='bbox 335 2821 454 2907; x_wconf 85' lang='lat' dir='ltr'>legitur</span> <span class='ocrx_word' id='word_1_192' title='bbox 476 2821 579 2888; x_wconf 87' lang='lat' dir='ltr'>velut:</span> <span class='ocrx_word' id='word_1_193' title='bbox 608 2825 637 2904; x_wconf 87' lang='lat'>3,</span> <span class='ocrx_word' id='word_1_194' title='bbox 654 2823 741 2904; x_wconf 91' lang='grc'>70,4</span> <span class='ocrx_word' id='word_1_195' title='bbox 768 2823 820 2906; x_wconf 94' lang='lat' dir='ltr'>„in</span> <span class='ocrx_word' id='word_1_196' title='bbox 842 2843 900 2885; x_wconf 91' lang='lat' dir='ltr'>suo</span> <span class='ocrx_word' id='word_1_197' title='bbox 921 2821 1053 2907; x_wconf 90' lang='lat' dir='ltr'>proprio</span> <span class='ocrx_word' id='word_1_198' title='bbox 1076 2842 1149 2884; x_wconf 92' lang='lat' dir='ltr'>eum</span> <span class='ocrx_word' id='word_1_199' title='bbox 1171 2821 1293 2906; x_wconf 91' lang='lat' dir='ltr'>proelio</span> 
     </span>
     <span class='ocr_line' id='line_1_26' title="bbox 134 2921 1294 3012; baseline -0.003 -21"><span class='ocrx_word' id='word_1_200' title='bbox 134 2927 260 3012; x_wconf 88' lang='lat' dir='ltr'>equites</span> <span class='ocrx_word' id='word_1_201' title='bbox 283 2925 474 2990; x_wconf 84' lang='lat' dir='ltr'>Volscorum</span> <span class='ocrx_word' id='word_1_202' title='bbox 496 2935 528 2990; x_wconf 91' lang='lat' dir='ltr'>et</span> <span class='ocrx_word' id='word_1_203' title='bbox 549 2926 737 3012; x_wconf 89' lang='lat' dir='ltr'>Aequorum</span> <span class='ocrx_word' id='word_1_204' title='bbox 761 2931 933 3008; x_wconf 89' lang='lat' dir='ltr'>exceptum</span> <span class='ocrx_word' id='word_1_205' title='bbox 956 2921 1154 3009; x_wconf 87' lang='lat' dir='ltr'>aliquamdiu</span> <span class='ocrx_word' id='word_1_206' title='bbox 1176 2924 1294 2988; x_wconf 85' lang='lat' dir='ltr'>tenuis-</span> 
     </span>
     <span class='ocr_line' id='line_1_27' title="bbox 134 3025 1294 3112; baseline -0.003 -18"><span class='ocrx_word' id='word_1_207' title='bbox 134 3035 242 3110; x_wconf 82' lang='lat' dir='ltr'>sent“;</span> <span class='ocrx_word' id='word_1_208' title='bbox 265 3028 295 3111; x_wconf 91' lang='grc'>2,</span> <span class='ocrx_word' id='word_1_209' title='bbox 317 3029 369 3111; x_wconf 88' lang='grc'>46,</span> <span class='ocrx_word' id='word_1_210' title='bbox 387 3030 422 3110; x_wconf 83' lang='grc'>4;</span> <span class='ocrx_word' id='word_1_211' title='bbox 444 3027 475 3111; x_wconf 88' lang='grc'>3,</span> <span class='ocrx_word' id='word_1_212' title='bbox 496 3030 547 3110; x_wconf 87' lang='grc'>38,</span> <span class='ocrx_word' id='word_1_213' title='bbox 570 3030 604 3112; x_wconf 75' lang='lat' dir='ltr'>b,</span> <span class='ocrx_word' id='word_1_214' title='bbox 627 3029 657 3110; x_wconf 87' lang='grc'>3,</span> <span class='ocrx_word' id='word_1_215' title='bbox 678 3027 730 3110; x_wconf 87' lang='grc'>40,</span> <span class='ocrx_word' id='word_1_216' title='bbox 752 3027 789 3109; x_wconf 80' lang='lat'>33</span> <span class='ocrx_word' id='word_1_217' title='bbox 811 3027 843 3109; x_wconf 92' lang='grc'>4,</span> <span class='ocrx_word' id='word_1_218' title='bbox 863 3029 893 3109; x_wconf 93' lang='grc'>4,</span> <span class='ocrx_word' id='word_1_219' title='bbox 914 3027 948 3110; x_wconf 82' lang='lat'>83</span> <span class='ocrx_word' id='word_1_220' title='bbox 970 3028 1001 3109; x_wconf 89' lang='lat'>4,</span> <span class='ocrx_word' id='word_1_221' title='bbox 1023 3027 1134 3109; x_wconf 82' lang='lat'>33,5;</span> <span class='ocrx_word' id='word_1_222' title='bbox 1157 3025 1187 3107; x_wconf 95' lang='grc'>5,</span> <span class='ocrx_word' id='word_1_223' title='bbox 1210 3028 1238 3110; x_wconf 93' lang='grc'>1,</span> <span class='ocrx_word' id='word_1_224' title='bbox 1260 3027 1294 3110; x_wconf 73' lang='grc'>7,</span> 
     </span>
     <span class='ocr_line' id='line_1_28' title="bbox 135 3131 1027 3214; baseline -0.006 -17"><span class='ocrx_word' id='word_1_225' title='bbox 135 3133 167 3214; x_wconf 89' lang='grc'>5,</span> <span class='ocrx_word' id='word_1_226' title='bbox 183 3131 234 3213; x_wconf 91' lang='grc'>27,</span> <span class='ocrx_word' id='word_1_227' title='bbox 250 3131 279 3196; x_wconf 94' lang='grc'>2.</span> <span class='ocrx_word' id='word_1_228' title='bbox 711 3181 713 3184; x_wconf 90' lang='grc'>.</span> <span class='ocrx_word' id='word_1_229' title='bbox 1021 3165 1027 3176; x_wconf 83' lang='grc'>·</span> 
     </span>
     <span class='ocr_line' id='line_1_29' title="bbox 222 3231 1295 3315; baseline -0.006 -16"><span class='ocrx_word' id='word_1_230' title='bbox 222 3234 325 3299; x_wconf 90' lang='lat' dir='ltr'>Venio</span> <span class='ocrx_word' id='word_1_231' title='bbox 347 3231 389 3295; x_wconf 87' lang='lat' dir='ltr'>ad</span> <span class='ocrx_word' id='word_1_232' title='bbox 410 3231 440 3315; x_wconf 90' lang='lat'>3,</span> <span class='ocrx_word' id='word_1_233' title='bbox 460 3234 511 3314; x_wconf 80' lang='lat'>51,</span> <span class='ocrx_word' id='word_1_234' title='bbox 534 3234 554 3297; x_wconf 88' lang='lat'><strong>3</strong></span> <span class='ocrx_word' id='word_1_235' title='bbox 583 3234 697 3312; x_wconf 72' lang='lat' dir='ltr'>[Vemr</span> <span class='ocrx_word' id='word_1_236' title='bbox 730 3233 795 3315; x_wconf 84' lang='lat' dir='ltr'>„od</span> <span class='ocrx_word' id='word_1_237' title='bbox 822 3254 893 3296; x_wconf 82' lang='lat' dir='ltr'>oum</span> <span class='ocrx_word' id='word_1_238' title='bbox 921 3233 1029 3314; x_wconf 82' lang='lat' dir='ltr'>ipsane</span> <span class='ocrx_word' id='word_1_239' title='bbox 1051 3233 1080 3294; x_wconf 81' lang='lat' dir='ltr'>is</span> <span class='ocrx_word' id='word_1_240' title='bbox 1102 3232 1204 3295; x_wconf 81' lang='lat' dir='ltr'>bonos</span> <span class='ocrx_word' id='word_1_241' title='bbox 1223 3232 1295 3315; x_wconf 83' lang='lat' dir='ltr'>pri·</span> 
     </span>
     <span class='ocr_line' id='line_1_30' title="bbox 137 3334 1295 3419; baseline -0.003 -19"><span class='ocrx_word' id='word_1_242' title='bbox 137 3359 227 3400; x_wconf 82' lang='lat' dir='ltr'>mum</span> <span class='ocrx_word' id='word_1_243' title='bbox 259 3335 475 3419; x_wconf 83' lang='lat' dir='ltr'>deferretur“,·</span> <span class='ocrx_word' id='word_1_244' title='bbox 506 3336 602 3401; x_wconf 64' lang='lat' dir='ltr'>Vicus</span> <span class='ocrx_word' id='word_1_245' title='bbox 638 3337 683 3400; x_wconf 79' lang='lat' dir='ltr'>ad</span> <span class='ocrx_word' id='word_1_246' title='bbox 715 3357 787 3398; x_wconf 82' lang='lat' dir='ltr'>eune</span> <span class='ocrx_word' id='word_1_247' title='bbox 818 3335 929 3417; x_wconf 82' lang='lat' dir='ltr'>ipsum</span> <span class='ocrx_word' id='word_1_248' title='bbox 958 3335 1102 3416; x_wconf 83' lang='lat' dir='ltr'>primum</span> <span class='ocrx_word' id='word_1_249' title='bbox 1135 3336 1165 3396; x_wconf 82' lang='lat' dir='ltr'>ia</span> <span class='ocrx_word' id='word_1_250' title='bbox 1193 3334 1295 3397; x_wconf 83' lang='lat' dir='ltr'>bonos</span> 
     </span>
     <span class='ocr_line' id='line_1_31' title="bbox 139 3432 1296 3523; baseline -0.004 -20"><span class='ocrx_word' id='word_1_251' title='bbox 139 3435 369 3522; x_wconf 54' lang='lat' dir='ltr'>dfferretarffi</span> <span class='ocrx_word' id='word_1_252' title='bbox 403 3459 467 3523; x_wconf 91' lang='lat' dir='ltr'>quo</span> <span class='ocrx_word' id='word_1_253' title='bbox 496 3435 567 3500; x_wconf 92' lang='lat' dir='ltr'>loco</span> <span class='ocrx_word' id='word_1_254' title='bbox 597 3446 671 3501; x_wconf 86' lang='lat' dir='ltr'>ante</span> <span class='ocrx_word' id='word_1_255' title='bbox 700 3436 808 3499; x_wconf 91' lang='lat' dir='ltr'>omnia</span> <span class='ocrx_word' id='word_1_256' title='bbox 835 3433 1008 3498; x_wconf 91' lang='lat' dir='ltr'>dicendum</span> <span class='ocrx_word' id='word_1_257' title='bbox 1038 3442 1095 3513; x_wconf 89' lang='lat' dir='ltr'>est,</span> <span class='ocrx_word' id='word_1_258' title='bbox 1122 3432 1296 3498; x_wconf 89' lang='lat' dir='ltr'>verborum</span> 
     </span>
     <span class='ocr_line' id='line_1_32' title="bbox 138 3535 1296 3625; baseline -0.004 -21"><span class='ocrx_word' id='word_1_259' title='bbox 138 3538 284 3604; x_wconf 91' lang='lat' dir='ltr'>ordinem</span> <span class='ocrx_word' id='word_1_260' title='bbox 305 3540 517 3604; x_wconf 91' lang='lat' dir='ltr'>aVeronensi</span> <span class='ocrx_word' id='word_1_261' title='bbox 538 3538 691 3604; x_wconf 88' lang='lat' dir='ltr'>traditum</span> <span class='ocrx_word' id='word_1_262' title='bbox 713 3548 846 3625; x_wconf 88' lang='lat' dir='ltr'>propter</span> <span class='ocrx_word' id='word_1_263' title='bbox 867 3535 1047 3622; x_wconf 86' lang='lat' dir='ltr'>subjectum</span> <span class='ocrx_word' id='word_1_264' title='bbox 1068 3535 1176 3599; x_wconf 88' lang='lat' dir='ltr'>verbis</span> <span class='ocrx_word' id='word_1_265' title='bbox 1197 3537 1296 3601; x_wconf 87' lang='lat' dir='ltr'>artius</span> 
     </span>
     <span class='ocr_line' id='line_1_33' title="bbox 139 3639 1296 3727; baseline -0.003 -21"><span class='ocrx_word' id='word_1_266' title='bbox 139 3641 386 3707; x_wconf 88' lang='lat' dir='ltr'>cohaerentibus</span> <span class='ocrx_word' id='word_1_267' title='bbox 401 3647 491 3726; x_wconf 81' lang='lat' dir='ltr'>(eum</span> <span class='ocrx_word' id='word_1_268' title='bbox 504 3643 615 3726; x_wconf 74' lang='lat' dir='ltr'>ipsum</span> <span class='ocrx_word' id='word_1_269' title='bbox 621 3643 788 3727; x_wconf 82' lang='lat' dir='ltr'>primum)</span> <span class='ocrx_word' id='word_1_270' title='bbox 804 3641 1008 3726; x_wconf 87' lang='lat' dir='ltr'>interjectum</span> <span class='ocrx_word' id='word_1_271' title='bbox 1023 3639 1129 3704; x_wconf 91' lang='lat' dir='ltr'>minus</span> <span class='ocrx_word' id='word_1_272' title='bbox 1144 3639 1296 3705; x_wconf 88' lang='lat' dir='ltr'>usitatum</span> 
     </span>
     <span class='ocr_line' id='line_1_34' title="bbox 139 3741 1298 3830; baseline -0.004 -21"><span class='ocrx_word' id='word_1_273' title='bbox 139 3766 220 3827; x_wconf 89' lang='lat' dir='ltr'>esse,</span> <span class='ocrx_word' id='word_1_274' title='bbox 248 3767 331 3830; x_wconf 89' lang='lat' dir='ltr'>quae</span> <span class='ocrx_word' id='word_1_275' title='bbox 356 3767 407 3809; x_wconf 87' lang='lat' dir='ltr'>res</span> <span class='ocrx_word' id='word_1_276' title='bbox 436 3744 613 3808; x_wconf 89' lang='lat' dir='ltr'>secundum</span> <span class='ocrx_word' id='word_1_277' title='bbox 640 3765 688 3825; x_wconf 87' lang='lat' dir='ltr'>ea,</span> <span class='ocrx_word' id='word_1_278' title='bbox 718 3764 800 3828; x_wconf 92' lang='lat' dir='ltr'>quae</span> <span class='ocrx_word' id='word_1_279' title='bbox 822 3743 864 3807; x_wconf 86' lang='lat' dir='ltr'>ad</span> <span class='ocrx_word' id='word_1_280' title='bbox 885 3743 915 3824; x_wconf 88' lang='lat'>4,</span> <span class='ocrx_word' id='word_1_281' title='bbox 939 3742 988 3824; x_wconf 91' lang='grc'>17,</span> <span class='ocrx_word' id='word_1_282' title='bbox 1010 3741 1031 3804; x_wconf 89' lang='grc'>9</span> <span class='ocrx_word' id='word_1_283' title='bbox 1054 3749 1150 3827; x_wconf 73' lang='lat' dir='ltr'>(pop.</span> <span class='ocrx_word' id='word_1_284' title='bbox 1174 3743 1193 3804; x_wconf 89' lang='lat'>8</span> <span class='ocrx_word' id='word_1_285' title='bbox 1216 3744 1298 3826; x_wconf 83' lang='lat' dir='ltr'>seq.)</span> 
     </span>
     <span class='ocr_line' id='line_1_35' title="bbox 139 3842 1300 3934; baseline -0.004 -23"><span class='ocrx_word' id='word_1_286' title='bbox 139 3847 305 3934; x_wconf 90' lang='lat' dir='ltr'>proposui,</span> <span class='ocrx_word' id='word_1_287' title='bbox 335 3858 519 3933; x_wconf 88' lang='lat' dir='ltr'>suspectam</span> <span class='ocrx_word' id='word_1_288' title='bbox 546 3845 652 3910; x_wconf 86' lang='lat' dir='ltr'>reddit</span> <span class='ocrx_word' id='word_1_289' title='bbox 679 3846 849 3910; x_wconf 88' lang='lat' dir='ltr'>lectionem</span> <span class='ocrx_word' id='word_1_290' title='bbox 875 3844 1062 3926; x_wconf 90' lang='lat' dir='ltr'>Victoriani,</span> <span class='ocrx_word' id='word_1_291' title='bbox 1096 3842 1300 3908; x_wconf 89' lang='lat' dir='ltr'>commendat</span> 
     </span>
     <span class='ocr_line' id='line_1_36' title="bbox 139 3946 1298 4035; baseline -0.006 -22"><span class='ocrx_word' id='word_1_292' title='bbox 139 3951 293 4014; x_wconf 87' lang='lat' dir='ltr'>incuriosi</span> <span class='ocrx_word' id='word_1_293' title='bbox 314 3949 447 4014; x_wconf 90' lang='lat' dir='ltr'>librarii.</span> <span class='ocrx_word' id='word_1_294' title='bbox 484 3948 629 4032; x_wconf 89' lang='lat' dir='ltr'>Accedit,</span> <span class='ocrx_word' id='word_1_295' title='bbox 651 3948 737 4035; x_wconf 91' lang='lat' dir='ltr'>quod</span> <span class='ocrx_word' id='word_1_296' title='bbox 754 3947 948 4013; x_wconf 87' lang='lat' dir='ltr'>Veronensis</span> <span class='ocrx_word' id='word_1_297' title='bbox 970 3947 1130 4032; x_wconf 86' lang='lat' dir='ltr'>scriptura</span> <span class='ocrx_word' id='word_1_298' title='bbox 1150 3955 1183 4012; x_wconf 89' lang='lat' dir='ltr'>et</span> <span class='ocrx_word' id='word_1_299' title='bbox 1203 3946 1298 4010; x_wconf 89' lang='lat' dir='ltr'>inter-</span> 
     </span>
    </p>
   </div>
   <div class='ocr_carea' id='block_1_4' title="bbox 140 4180 1301 4422">
    <p class='ocr_par' dir='ltr' id='par_1_5' title="bbox 140 4180 1301 4422">
     <span class='ocr_line' id='line_1_37' title="bbox 216 4180 1301 4254; baseline -0.006 -15"><span class='ocrx_word' id='word_1_300' title='bbox 216 4187 240 4254; x_wconf 76' lang='lat' dir='ltr'>l)</span> <span class='ocrx_word' id='word_1_301' title='bbox 260 4189 293 4239; x_wconf 83' lang='lat' dir='ltr'>cf.</span> <span class='ocrx_word' id='word_1_302' title='bbox 314 4188 391 4239; x_wconf 82' lang='lat' dir='ltr'>Caes.</span> <span class='ocrx_word' id='word_1_303' title='bbox 410 4187 477 4239; x_wconf 90' lang='lat' dir='ltr'>Bell.</span> <span class='ocrx_word' id='word_1_304' title='bbox 497 4187 565 4238; x_wconf 82' lang='lat' dir='ltr'>Gall.</span> <span class='ocrx_word' id='word_1_305' title='bbox 585 4188 608 4253; x_wconf 87' lang='lat'>1,</span> <span class='ocrx_word' id='word_1_306' title='bbox 629 4189 672 4254; x_wconf 81' lang='lat'>44,</span> <span class='ocrx_word' id='word_1_307' title='bbox 695 4188 728 4237; x_wconf 84' lang='lat'>10</span> <span class='ocrx_word' id='word_1_308' title='bbox 750 4188 863 4253; x_wconf 82' lang='lat' dir='ltr'>,debere</span> <span class='ocrx_word' id='word_1_309' title='bbox 883 4201 911 4235; x_wconf 91' lang='lat' dir='ltr'>se</span> <span class='ocrx_word' id='word_1_310' title='bbox 931 4185 1068 4249; x_wconf 89' lang='lat' dir='ltr'>suspicari,</span> <span class='ocrx_word' id='word_1_311' title='bbox 1088 4183 1211 4233; x_wconf 89' lang='lat' dir='ltr'>simulata</span> <span class='ocrx_word' id='word_1_312' title='bbox 1231 4180 1301 4232; x_wconf 81' lang='lat' dir='ltr'>Cae·</span> 
     </span>
     <span class='ocr_line' id='line_1_38' title="bbox 140 4274 1301 4347; baseline -0.007 -16"><span class='ocrx_word' id='word_1_313' title='bbox 140 4294 229 4331; x_wconf 81' lang='lat' dir='ltr'>sarem</span> <span class='ocrx_word' id='word_1_314' title='bbox 255 4280 378 4345; x_wconf 87' lang='lat' dir='ltr'>amicitia,</span> <span class='ocrx_word' id='word_1_315' title='bbox 405 4281 475 4347; x_wconf 90' lang='lat' dir='ltr'>quod</span> <span class='ocrx_word' id='word_1_316' title='bbox 499 4281 642 4331; x_wconf 88' lang='lat' dir='ltr'>exercitum</span> <span class='ocrx_word' id='word_1_317' title='bbox 666 4280 695 4329; x_wconf 90' lang='lat' dir='ltr'>in</span> <span class='ocrx_word' id='word_1_318' title='bbox 719 4279 806 4329; x_wconf 84' lang='lat' dir='ltr'>Gallia</span> <span class='ocrx_word' id='word_1_319' title='bbox 831 4278 936 4341; x_wconf 89' lang='lat' dir='ltr'>habeat,</span> <span class='ocrx_word' id='word_1_320' title='bbox 963 4276 1003 4326; x_wconf 90' lang='lat' dir='ltr'>sui</span> <span class='ocrx_word' id='word_1_321' title='bbox 1030 4274 1198 4340; x_wconf 89' lang='lat' dir='ltr'>opprimendi</span> <span class='ocrx_word' id='word_1_322' title='bbox 1216 4289 1301 4324; x_wconf 84' lang='lat' dir='ltr'>causa</span> 
     </span>
     <span class='ocr_line' id='line_1_39' title="bbox 141 4369 266 4422; baseline 0 -2"><span class='ocrx_word' id='word_1_323' title='bbox 141 4369 266 4422; x_wconf 83' lang='lat' dir='ltr'>babere“.</span> 
     </span>
    </p>
   </div>
   <div class='ocr_carea' id='block_1_5' title="bbox 0 0 1616 5030">
    <p class='ocr_par' dir='ltr' id='par_1_6' title="bbox 0 0 1616 5030">
     <span class='ocr_line' id='line_1_40' title="bbox 0 0 1616 5030; baseline 0 0"><span class='ocrx_word' id='word_1_324' title='bbox 0 0 1616 5030; x_wconf 95' lang='lat' dir='ltr'> </span> 
     </span>
    </p>
   </div>
  </div>
 </body>
</html>
