<?xml version="1.0" encoding="UTF-8"?>
<!DOCTYPE html PUBLIC "-//W3C//DTD XHTML 1.0 Transitional//EN"
    "http://www.w3.org/TR/xhtml1/DTD/xhtml1-transitional.dtd">
<html xmlns="http://www.w3.org/1999/xhtml" xml:lang="en" lang="en">
 <head>
  <title>
</title>
<meta http-equiv="Content-Type" content="text/html;charset=utf-8" />
  <meta name='ocr-system' content='tesseract 3.04.00' />
  <meta name='ocr-capabilities' content='ocr_page ocr_carea ocr_par ocr_line ocrx_word'/>
</head>
<body>
  <div class='ocr_page' id='page_1' title='image "./defidecodicisve00junggoog_0033.png"; bbox 0 0 3200 5030; ppageno 0'>
   <div class='ocr_carea' id='block_1_1' title="bbox 796 290 946 388">
    <p class='ocr_par' dir='ltr' id='par_1_1' title="bbox 796 290 946 388">
     <span class='ocr_line' id='line_1_1' title="bbox 796 290 946 388; baseline -0.007 0"><span class='ocrx_word' id='word_1_1' title='bbox 796 290 946 388; x_wconf 66' lang='grc'>..2,4..</span> 
     </span>
    </p>
   </div>
   <div class='ocr_carea' id='block_1_2' title="bbox 290 490 1460 4052">
    <p class='ocr_par' dir='ltr' id='par_1_2' title="bbox 293 490 1458 1192">
     <span class='ocr_line' id='line_1_2' title="bbox 293 490 1458 580; baseline -0.002 -22"><span class='ocrx_word' id='word_1_2' title='bbox 293 501 420 558; x_wconf 90' lang='lat' dir='ltr'>secutus</span> <span class='ocrx_word' id='word_1_3' title='bbox 448 515 490 558; x_wconf 92' lang='lat' dir='ltr'>ne</span> <span class='ocrx_word' id='word_1_4' title='bbox 518 494 552 556; x_wconf 92' lang='lat' dir='ltr'>in</span> <span class='ocrx_word' id='word_1_5' title='bbox 580 493 759 580; x_wconf 81' lang='lat' dir='ltr'>appendice</span> <span class='ocrx_word' id='word_1_6' title='bbox 787 491 932 578; x_wconf 89' lang='lat' dir='ltr'>quidem,</span> <span class='ocrx_word' id='word_1_7' title='bbox 959 491 993 555; x_wconf 91' lang='lat' dir='ltr'>in</span> <span class='ocrx_word' id='word_1_8' title='bbox 1021 512 1084 578; x_wconf 91' lang='lat' dir='ltr'>quo</span> <span class='ocrx_word' id='word_1_9' title='bbox 1113 490 1153 555; x_wconf 91' lang='lat' dir='ltr'>de</span> <span class='ocrx_word' id='word_1_10' title='bbox 1175 490 1354 555; x_wconf 81' lang='lat' dir='ltr'>Veronensi</span> <span class='ocrx_word' id='word_1_11' title='bbox 1375 513 1458 556; x_wconf 90' lang='lat' dir='ltr'>non-</span> 
     </span>
     <span class='ocr_line' id='line_1_3' title="bbox 293 592 1458 678; baseline -0.001 -20"><span class='ocrx_word' id='word_1_12' title='bbox 293 592 381 658; x_wconf 92' lang='lat' dir='ltr'>nulla</span> <span class='ocrx_word' id='word_1_13' title='bbox 402 594 515 677; x_wconf 88' lang='lat' dir='ltr'>adicit,</span> <span class='ocrx_word' id='word_1_14' title='bbox 541 595 663 659; x_wconf 89' lang='lat' dir='ltr'>formae</span> <span class='ocrx_word' id='word_1_15' title='bbox 686 617 706 659; x_wconf 87' lang='lat' dir='ltr'>a</span> <span class='ocrx_word' id='word_1_16' title='bbox 728 593 803 658; x_wconf 93' lang='lat' dir='ltr'>Ver.</span> <span class='ocrx_word' id='word_1_17' title='bbox 826 601 972 659; x_wconf 87' lang='lat' dir='ltr'>servatae</span> <span class='ocrx_word' id='word_1_18' title='bbox 994 593 1188 658; x_wconf 87' lang='lat' dir='ltr'>mentionem</span> <span class='ocrx_word' id='word_1_19' title='bbox 1209 592 1294 664; x_wconf 88' lang='lat' dir='ltr'>facit.</span> <span class='ocrx_word' id='word_1_20' title='bbox 1338 593 1458 678; x_wconf 87' lang='lat' dir='ltr'>Itaque</span> 
     </span>
     <span class='ocr_line' id='line_1_4' title="bbox 294 695 1457 782; baseline -0.001 -22"><span class='ocrx_word' id='word_1_21' title='bbox 294 717 426 781; x_wconf 82' lang='lat' dir='ltr'>operam</span> <span class='ocrx_word' id='word_1_22' title='bbox 454 695 546 781; x_wconf 92' lang='lat' dir='ltr'>dedi,</span> <span class='ocrx_word' id='word_1_23' title='bbox 580 705 615 761; x_wconf 92' lang='lat' dir='ltr'>ut</span> <span class='ocrx_word' id='word_1_24' title='bbox 646 695 710 760; x_wconf 91' lang='lat' dir='ltr'>alia</span> <span class='ocrx_word' id='word_1_25' title='bbox 742 695 891 782; x_wconf 83' lang='lat' dir='ltr'>exempla</span> <span class='ocrx_word' id='word_1_26' title='bbox 922 696 1165 780; x_wconf 78' lang='lat' dir='ltr'>investigarem,</span> <span class='ocrx_word' id='word_1_27' title='bbox 1199 703 1294 781; x_wconf 89' lang='lat' dir='ltr'>atque</span> <span class='ocrx_word' id='word_1_28' title='bbox 1327 716 1457 759; x_wconf 91' lang='lat' dir='ltr'>summo</span> 
     </span>
     <span class='ocr_line' id='line_1_5' title="bbox 294 795 1456 884; baseline -0.002 -21"><span class='ocrx_word' id='word_1_29' title='bbox 294 798 413 884; x_wconf 87' lang='lat' dir='ltr'>gaudio</span> <span class='ocrx_word' id='word_1_30' title='bbox 427 798 562 864; x_wconf 84' lang='lat' dir='ltr'>affectus</span> <span class='ocrx_word' id='word_1_31' title='bbox 577 813 657 881; x_wconf 89' lang='lat' dir='ltr'>sum,</span> <span class='ocrx_word' id='word_1_32' title='bbox 681 819 754 862; x_wconf 93' lang='lat' dir='ltr'>cum</span> <span class='ocrx_word' id='word_1_33' title='bbox 769 800 897 863; x_wconf 88' lang='lat' dir='ltr'>tertium</span> <span class='ocrx_word' id='word_1_34' title='bbox 912 797 1016 861; x_wconf 92' lang='lat' dir='ltr'>locum</span> <span class='ocrx_word' id='word_1_35' title='bbox 1031 798 1218 880; x_wconf 86' lang='lat' dir='ltr'>invenirem,</span> <span class='ocrx_word' id='word_1_36' title='bbox 1240 795 1297 861; x_wconf 92' lang='lat' dir='ltr'>ubi</span> <span class='ocrx_word' id='word_1_37' title='bbox 1314 795 1456 883; x_wconf 86' lang='lat' dir='ltr'>,hostis“</span> 
     </span>
     <span class='ocr_line' id='line_1_6' title="bbox 294 899 1458 986; baseline -0.001 -22"><span class='ocrx_word' id='word_1_38' title='bbox 294 899 428 986; x_wconf 87' lang='lat' dir='ltr'>legitur:</span> <span class='ocrx_word' id='word_1_39' title='bbox 449 902 501 983; x_wconf 80' lang='lat'>28,</span> <span class='ocrx_word' id='word_1_40' title='bbox 516 902 567 984; x_wconf 77' lang='lat'>22,</span> <span class='ocrx_word' id='word_1_41' title='bbox 586 902 626 966; x_wconf 91' lang='grc'>10</span> <span class='ocrx_word' id='word_1_42' title='bbox 647 899 708 985; x_wconf 83' lang='lat' dir='ltr'>(ef.</span> <span class='ocrx_word' id='word_1_43' title='bbox 726 901 898 965; x_wconf 82' lang='lat' dir='ltr'>Weissenb.</span> <span class='ocrx_word' id='word_1_44' title='bbox 915 900 960 965; x_wconf 88' lang='lat' dir='ltr'>ud</span> <span class='ocrx_word' id='word_1_45' title='bbox 975 901 1005 966; x_wconf 81' lang='lat' dir='ltr'>d.</span> <span class='ocrx_word' id='word_1_46' title='bbox 1021 900 1070 980; x_wconf 77' lang='grc'>1.).</span> <span class='ocrx_word' id='word_1_47' title='bbox 1101 899 1185 982; x_wconf 92' lang='lat' dir='ltr'>Jam,</span> <span class='ocrx_word' id='word_1_48' title='bbox 1208 921 1282 963; x_wconf 92' lang='lat' dir='ltr'>cum</span> <span class='ocrx_word' id='word_1_49' title='bbox 1297 921 1335 964; x_wconf 88' lang='lat' dir='ltr'>ea</span> <span class='ocrx_word' id='word_1_50' title='bbox 1350 899 1458 963; x_wconf 91' lang='lat' dir='ltr'>forma</span> 
     </span>
     <span class='ocr_line' id='line_1_7' title="bbox 295 1001 1458 1087; baseline 0 -21"><span class='ocrx_word' id='word_1_51' title='bbox 295 1004 373 1068; x_wconf 90' lang='lat' dir='ltr'>satis</span> <span class='ocrx_word' id='word_1_52' title='bbox 388 1003 588 1068; x_wconf 81' lang='lat' dir='ltr'>auctoritatis</span> <span class='ocrx_word' id='word_1_53' title='bbox 603 1001 731 1085; x_wconf 91' lang='lat' dir='ltr'>habeat,</span> <span class='ocrx_word' id='word_1_54' title='bbox 752 1024 827 1066; x_wconf 91' lang='lat' dir='ltr'>eum</span> <span class='ocrx_word' id='word_1_55' title='bbox 839 1002 1018 1068; x_wconf 86' lang='lat' dir='ltr'>Veronensi</span> <span class='ocrx_word' id='word_1_56' title='bbox 1033 1001 1237 1066; x_wconf 90' lang='lat' dir='ltr'>scribendum</span> <span class='ocrx_word' id='word_1_57' title='bbox 1253 1003 1314 1066; x_wconf 88' lang='lat' dir='ltr'>erit</span> <span class='ocrx_word' id='word_1_58' title='bbox 1329 1001 1458 1087; x_wconf 89' lang='lat' dir='ltr'>,quoad</span> 
     </span>
     <span class='ocr_line' id='line_1_8' title="bbox 295 1103 726 1192; baseline -0.002 -23"><span class='ocrx_word' id='word_1_59' title='bbox 295 1127 334 1170; x_wconf 90' lang='lat' dir='ltr'>ea</span> <span class='ocrx_word' id='word_1_60' title='bbox 355 1103 456 1170; x_wconf 88' lang='lat' dir='ltr'>hostis</span> <span class='ocrx_word' id='word_1_61' title='bbox 476 1105 726 1192; x_wconf 81' lang='lat' dir='ltr'>possedissent“.</span> 
     </span>
    </p>

    <p class='ocr_par' dir='ltr' id='par_1_3' title="bbox 295 1204 1459 1493">
     <span class='ocr_line' id='line_1_9' title="bbox 381 1204 1459 1294; baseline -0.002 -22"><span class='ocrx_word' id='word_1_62' title='bbox 381 1205 565 1293; x_wconf 87' lang='lat' dir='ltr'>Sequuntur</span> <span class='ocrx_word' id='word_1_63' title='bbox 586 1218 651 1274; x_wconf 88' lang='lat' dir='ltr'>tres</span> <span class='ocrx_word' id='word_1_64' title='bbox 671 1207 743 1290; x_wconf 90' lang='lat' dir='ltr'>loci,</span> <span class='ocrx_word' id='word_1_65' title='bbox 767 1228 902 1294; x_wconf 89' lang='lat' dir='ltr'>quorum</span> <span class='ocrx_word' id='word_1_66' title='bbox 925 1204 1050 1271; x_wconf 91' lang='lat' dir='ltr'>duobus</span> <span class='ocrx_word' id='word_1_67' title='bbox 1071 1204 1171 1270; x_wconf 88' lang='lat' dir='ltr'>altera</span> <span class='ocrx_word' id='word_1_68' title='bbox 1191 1205 1335 1269; x_wconf 80' lang='lat' dir='ltr'>recensio</span> <span class='ocrx_word' id='word_1_69' title='bbox 1356 1207 1459 1291; x_wconf 88' lang='lat' dir='ltr'>parti·</span> 
     </span>
     <span class='ocr_line' id='line_1_10' title="bbox 296 1307 1458 1396; baseline -0.003 -22"><span class='ocrx_word' id='word_1_70' title='bbox 296 1311 417 1396; x_wconf 91' lang='lat' dir='ltr'>cipium</span> <span class='ocrx_word' id='word_1_71' title='bbox 440 1310 661 1396; x_wconf 88' lang='lat' dir='ltr'>conjunctum,</span> <span class='ocrx_word' id='word_1_72' title='bbox 690 1309 788 1375; x_wconf 87' lang='lat' dir='ltr'>altera</span> <span class='ocrx_word' id='word_1_73' title='bbox 810 1319 936 1395; x_wconf 90' lang='lat' dir='ltr'>tempus</span> <span class='ocrx_word' id='word_1_74' title='bbox 956 1307 1152 1394; x_wconf 88' lang='lat' dir='ltr'>perfectum,</span> <span class='ocrx_word' id='word_1_75' title='bbox 1174 1329 1238 1371; x_wconf 92' lang='lat' dir='ltr'>uno</span> <span class='ocrx_word' id='word_1_76' title='bbox 1260 1307 1458 1373; x_wconf 89' lang='lat' dir='ltr'>Veronensis</span> 
     </span>
     <span class='ocr_line' id='line_1_11' title="bbox 295 1409 1309 1493; baseline -0.003 -16"><span class='ocrx_word' id='word_1_77' title='bbox 295 1411 429 1477; x_wconf 89' lang='lat' dir='ltr'>verbum</span> <span class='ocrx_word' id='word_1_78' title='bbox 452 1411 588 1493; x_wconf 87' lang='lat' dir='ltr'>finitum,</span> <span class='ocrx_word' id='word_1_79' title='bbox 610 1410 796 1476; x_wconf 86' lang='lat' dir='ltr'>Victoriana</span> <span class='ocrx_word' id='word_1_80' title='bbox 817 1411 952 1478; x_wconf 86' lang='lat' dir='ltr'>verbum</span> <span class='ocrx_word' id='word_1_81' title='bbox 973 1409 1133 1474; x_wconf 90' lang='lat' dir='ltr'>infinitum</span> <span class='ocrx_word' id='word_1_82' title='bbox 1155 1418 1271 1476; x_wconf 89' lang='lat' dir='ltr'>tuetur.</span> <span class='ocrx_word' id='word_1_83' title='bbox 1307 1467 1309 1474; x_wconf 93' lang='lat'><em>.</em></span> 
     </span>
    </p>

    <p class='ocr_par' dir='ltr' id='par_1_4' title="bbox 290 1511 1460 4052">
     <span class='ocr_line' id='line_1_12' title="bbox 379 1511 1457 1597; baseline 0.001 -22"><span class='ocrx_word' id='word_1_84' title='bbox 379 1513 626 1578; x_wconf 90' lang='lat' dir='ltr'>Praemittamus</span> <span class='ocrx_word' id='word_1_85' title='bbox 642 1535 685 1578; x_wconf 87' lang='lat' dir='ltr'>ex</span> <span class='ocrx_word' id='word_1_86' title='bbox 699 1513 929 1579; x_wconf 87' lang='lat' dir='ltr'>consuetudins</span> <span class='ocrx_word' id='word_1_87' title='bbox 943 1523 1053 1578; x_wconf 89' lang='lat' dir='ltr'>nostra</span> <span class='ocrx_word' id='word_1_88' title='bbox 1066 1511 1174 1578; x_wconf 93' lang='lat' dir='ltr'>locum</span> <span class='ocrx_word' id='word_1_89' title='bbox 1189 1513 1219 1597; x_wconf 89' lang='lat'>3,</span> <span class='ocrx_word' id='word_1_90' title='bbox 1232 1513 1261 1596; x_wconf 81' lang='lat'>7,</span> <span class='ocrx_word' id='word_1_91' title='bbox 1272 1515 1291 1577; x_wconf 87' lang='grc'>8</span> <span class='ocrx_word' id='word_1_92' title='bbox 1303 1514 1457 1597; x_wconf 84' lang='lat' dir='ltr'>[,inops-</span> 
     </span>
     <span class='ocr_line' id='line_1_13' title="bbox 297 1613 1457 1702; baseline -0.003 -22"><span class='ocrx_word' id='word_1_93' title='bbox 297 1638 357 1702; x_wconf 82' lang='lat' dir='ltr'>que</span> <span class='ocrx_word' id='word_1_94' title='bbox 379 1625 513 1681; x_wconf 81' lang='lat' dir='ltr'>senatus</span> <span class='ocrx_word' id='word_1_95' title='bbox 536 1613 661 1679; x_wconf 74' lang='lat' dir='ltr'>ausilii</span> <span class='ocrx_word' id='word_1_96' title='bbox 682 1616 822 1680; x_wconf 76' lang='lat' dir='ltr'>damant</span> <span class='ocrx_word' id='word_1_97' title='bbox 842 1616 888 1680; x_wconf 88' lang='lat' dir='ltr'>ad</span> <span class='ocrx_word' id='word_1_98' title='bbox 901 1615 989 1680; x_wconf 86' lang='lat' dir='ltr'>Deos</span> <span class='ocrx_word' id='word_1_99' title='bbox 1006 1615 1170 1702; x_wconf 82' lang='lat' dir='ltr'>populum</span> <span class='ocrx_word' id='word_1_100' title='bbox 1192 1638 1231 1680; x_wconf 87' lang='lat' dir='ltr'>ac</span> <span class='ocrx_word' id='word_1_101' title='bbox 1253 1623 1329 1679; x_wconf 84' lang='lat' dir='ltr'>vota</span> <span class='ocrx_word' id='word_1_102' title='bbox 1350 1617 1457 1696; x_wconf 82' lang='lat' dir='ltr'>vertit,</span> 
     </span>
     <span class='ocr_line' id='line_1_14' title="bbox 290 1717 1456 1808; baseline 0.001 -28"><span class='ocrx_word' id='word_1_103' title='bbox 290 1720 404 1804; x_wconf 81' lang='lat' dir='ltr'>jussos</span> <span class='ocrx_word' id='word_1_104' title='bbox 432 1741 505 1782; x_wconf 81' lang='lat' dir='ltr'>eum</span> <span class='ocrx_word' id='word_1_105' title='bbox 533 1717 730 1808; x_wconf 79' lang='lat' dir='ltr'>eoajapibas</span> <span class='ocrx_word' id='word_1_106' title='bbox 757 1741 796 1782; x_wconf 89' lang='lat' dir='ltr'>ae</span> <span class='ocrx_word' id='word_1_107' title='bbox 823 1717 936 1782; x_wconf 82' lang='lat' dir='ltr'>liberis</span> <span class='ocrx_word' id='word_1_108' title='bbox 959 1717 1182 1803; x_wconf 81' lang='lat' dir='ltr'>supplicatum</span> <span class='ocrx_word' id='word_1_109' title='bbox 1203 1719 1254 1782; x_wconf 85' lang='lat' dir='ltr'>ire</span> <span class='ocrx_word' id='word_1_110' title='bbox 1275 1739 1456 1804; x_wconf 78' lang='lat' dir='ltr'>pacemque</span> 
     </span>
     <span class='ocr_line' id='line_1_15' title="bbox 296 1819 1457 1906; baseline 0.001 -25"><span class='ocrx_word' id='word_1_111' title='bbox 296 1840 468 1904; x_wconf 79' lang='lat' dir='ltr'>capescere</span> <span class='ocrx_word' id='word_1_112' title='bbox 491 1819 605 1883; x_wconf 79' lang='lat' dir='ltr'>deam“</span> <span class='ocrx_word' id='word_1_113' title='bbox 630 1819 760 1902; x_wconf 74' lang='lat' dir='ltr'>Veroa,·</span> <span class='ocrx_word' id='word_1_114' title='bbox 857 1822 948 1905; x_wconf 84' lang='lat' dir='ltr'>jassi</span> <span class='ocrx_word' id='word_1_115' title='bbox 1081 1819 1306 1902; x_wconf 58' lang='lat' dir='ltr'>aaronem]</span> <span class='ocrx_word' id='word_1_116' title='bbox 1328 1819 1368 1884; x_wconf 92' lang='lat' dir='ltr'>de</span> <span class='ocrx_word' id='word_1_117' title='bbox 1391 1839 1457 1906; x_wconf 91' lang='lat' dir='ltr'>quo</span> 
     </span>
     <span class='ocr_line' id='line_1_16' title="bbox 292 1920 1459 2007; baseline 0.003 -23"><span class='ocrx_word' id='word_1_118' title='bbox 292 1921 363 2004; x_wconf 87' lang='lat' dir='ltr'>jam</span> <span class='ocrx_word' id='word_1_119' title='bbox 385 1920 556 2006; x_wconf 90' lang='lat' dir='ltr'>Zumptius</span> <span class='ocrx_word' id='word_1_120' title='bbox 579 1929 612 1985; x_wconf 91' lang='lat' dir='ltr'>et</span> <span class='ocrx_word' id='word_1_121' title='bbox 626 1921 846 1986; x_wconf 89' lang='lat' dir='ltr'>Mommsenus</span> <span class='ocrx_word' id='word_1_122' title='bbox 862 1920 1159 2007; x_wconf 86' lang='lat' dir='ltr'>atqusWodrigius</span> <span class='ocrx_word' id='word_1_123' title='bbox 1180 1920 1282 1985; x_wconf 89' lang='lat' dir='ltr'>verba</span> <span class='ocrx_word' id='word_1_124' title='bbox 1303 1920 1459 1987; x_wconf 83' lang='lat' dir='ltr'>fecerunt.</span> 
     </span>
     <span class='ocr_line' id='line_1_17' title="bbox 296 2021 1458 2110; baseline 0.001 -23"><span class='ocrx_word' id='word_1_125' title='bbox 296 2023 517 2088; x_wconf 89' lang='lat' dir='ltr'>Mommsenus</span> <span class='ocrx_word' id='word_1_126' title='bbox 553 2024 651 2108; x_wconf 87' lang='lat' dir='ltr'>igitur</span> <span class='ocrx_word' id='word_1_127' title='bbox 686 2025 800 2088; x_wconf 87' lang='lat' dir='ltr'>miram</span> <span class='ocrx_word' id='word_1_128' title='bbox 836 2022 1113 2110; x_wconf 87' lang='lat' dir='ltr'>interpolationem</span> <span class='ocrx_word' id='word_1_129' title='bbox 1149 2021 1352 2089; x_wconf 85' lang='lat' dir='ltr'>statuendam</span> <span class='ocrx_word' id='word_1_130' title='bbox 1385 2045 1458 2088; x_wconf 87' lang='lat' dir='ltr'>esse</span> 
     </span>
     <span class='ocr_line' id='line_1_18' title="bbox 298 2123 1457 2213; baseline -0.001 -24"><span class='ocrx_word' id='word_1_131' title='bbox 298 2123 392 2191; x_wconf 89' lang='lat' dir='ltr'>duxit</span> <span class='ocrx_word' id='word_1_132' title='bbox 414 2132 431 2209; x_wconf 94' lang='lat'><em>(</em></span> <span class='ocrx_word' id='word_1_133' title='bbox 427 2147 510 2211; x_wconf 79' lang='lat' dir='ltr'>pap.</span> <span class='ocrx_word' id='word_1_134' title='bbox 528 2125 587 2190; x_wconf 83' lang='lat'>183</span> <span class='ocrx_word' id='word_1_135' title='bbox 587 2130 615 2207; x_wconf 89' lang='lat'>),</span> <span class='ocrx_word' id='word_1_136' title='bbox 637 2125 845 2213; x_wconf 83' lang='lat' dir='ltr'>Zumptius1)</span> <span class='ocrx_word' id='word_1_137' title='bbox 863 2136 894 2191; x_wconf 92' lang='lat' dir='ltr'>et</span> <span class='ocrx_word' id='word_1_138' title='bbox 908 2126 1108 2213; x_wconf 86' lang='lat' dir='ltr'>Wodrigius,</span> <span class='ocrx_word' id='word_1_139' title='bbox 1130 2126 1326 2191; x_wconf 86' lang='lat' dir='ltr'>Veronensis</span> <span class='ocrx_word' id='word_1_140' title='bbox 1347 2124 1457 2191; x_wconf 88' lang='lat' dir='ltr'>lectio-</span> 
     </span>
     <span class='ocr_line' id='line_1_19' title="bbox 296 2226 1459 2314; baseline 0.001 -23"><span class='ocrx_word' id='word_1_141' title='bbox 296 2249 371 2294; x_wconf 91' lang='lat' dir='ltr'>nem</span> <span class='ocrx_word' id='word_1_142' title='bbox 393 2237 429 2293; x_wconf 93' lang='lat' dir='ltr'>ut</span> <span class='ocrx_word' id='word_1_143' title='bbox 450 2227 667 2309; x_wconf 88' lang='lat' dir='ltr'>defenderent,</span> <span class='ocrx_word' id='word_1_144' title='bbox 689 2249 820 2314; x_wconf 90' lang='lat' dir='ltr'>operam</span> <span class='ocrx_word' id='word_1_145' title='bbox 843 2227 1009 2294; x_wconf 90' lang='lat' dir='ltr'>dederunt.</span> <span class='ocrx_word' id='word_1_146' title='bbox 1052 2227 1162 2310; x_wconf 77' lang='lat' dir='ltr'>Ratio,</span> <span class='ocrx_word' id='word_1_147' title='bbox 1189 2250 1247 2292; x_wconf 89' lang='lat' dir='ltr'>cur</span> <span class='ocrx_word' id='word_1_148' title='bbox 1267 2226 1459 2313; x_wconf 89' lang='lat' dir='ltr'>Wodrigius</span> 
     </span>
     <span class='ocr_line' id='line_1_20' title="bbox 297 2329 1456 2416; baseline 0 -22"><span class='ocrx_word' id='word_1_149' title='bbox 297 2330 493 2394; x_wconf 89' lang='lat' dir='ltr'>Veronensis</span> <span class='ocrx_word' id='word_1_150' title='bbox 516 2329 709 2414; x_wconf 87' lang='lat' dir='ltr'>scripturam</span> <span class='ocrx_word' id='word_1_151' title='bbox 733 2333 917 2416; x_wconf 79' lang='lat' dir='ltr'>(„7‘assos“)</span> <span class='ocrx_word' id='word_1_152' title='bbox 939 2351 1048 2394; x_wconf 89' lang='lat' dir='ltr'>veram</span> <span class='ocrx_word' id='word_1_153' title='bbox 1069 2352 1138 2396; x_wconf 86' lang='lat' dir='ltr'>esse</span> <span class='ocrx_word' id='word_1_154' title='bbox 1153 2332 1324 2412; x_wconf 88' lang='lat' dir='ltr'>existimet,</span> <span class='ocrx_word' id='word_1_155' title='bbox 1346 2352 1384 2394; x_wconf 90' lang='lat' dir='ltr'>ea</span> <span class='ocrx_word' id='word_1_156' title='bbox 1398 2341 1456 2413; x_wconf 88' lang='lat' dir='ltr'>est,</span> 
     </span>
     <span class='ocr_line' id='line_1_21' title="bbox 299 2430 1457 2518; baseline 0 -22"><span class='ocrx_word' id='word_1_157' title='bbox 299 2430 395 2518; x_wconf 91' lang='lat' dir='ltr'>quod,</span> <span class='ocrx_word' id='word_1_158' title='bbox 422 2440 458 2496; x_wconf 92' lang='lat' dir='ltr'>ut</span> <span class='ocrx_word' id='word_1_159' title='bbox 478 2432 580 2517; x_wconf 90' lang='lat' dir='ltr'>ipsius</span> <span class='ocrx_word' id='word_1_160' title='bbox 601 2433 701 2498; x_wconf 89' lang='lat' dir='ltr'>verba</span> <span class='ocrx_word' id='word_1_161' title='bbox 722 2432 854 2498; x_wconf 87' lang='lat' dir='ltr'>afferam</span> <span class='ocrx_word' id='word_1_162' title='bbox 879 2432 976 2516; x_wconf 86' lang='lat' dir='ltr'>„haec</span> <span class='ocrx_word' id='word_1_163' title='bbox 999 2431 1061 2497; x_wconf 90' lang='lat' dir='ltr'>duo</span> <span class='ocrx_word' id='word_1_164' title='bbox 1084 2435 1248 2498; x_wconf 87' lang='lat' dir='ltr'>enuntiata</span> <span class='ocrx_word' id='word_1_165' title='bbox 1267 2433 1457 2518; x_wconf 90' lang='lat' dir='ltr'>interposito</span> 
     </span>
     <span class='ocr_line' id='line_1_22' title="bbox 297 2532 1458 2620; baseline 0 -22"><span class='ocrx_word' id='word_1_166' title='bbox 297 2533 469 2620; x_wconf 87' lang='lat' dir='ltr'>participio</span> <span class='ocrx_word' id='word_1_167' title='bbox 499 2534 532 2597; x_wconf 91' lang='lat' dir='ltr'>in</span> <span class='ocrx_word' id='word_1_168' title='bbox 559 2555 658 2597; x_wconf 92' lang='lat' dir='ltr'>unum</span> <span class='ocrx_word' id='word_1_169' title='bbox 685 2544 828 2600; x_wconf 86' lang='lat' dir='ltr'>coartata</span> <span class='ocrx_word' id='word_1_170' title='bbox 856 2532 1008 2599; x_wconf 87' lang='lat' dir='ltr'>videntur</span> <span class='ocrx_word' id='word_1_171' title='bbox 1034 2557 1166 2620; x_wconf 89' lang='lat' dir='ltr'>prorsus</span> <span class='ocrx_word' id='word_1_172' title='bbox 1194 2558 1236 2601; x_wconf 88' lang='lat' dir='ltr'>ex</span> <span class='ocrx_word' id='word_1_173' title='bbox 1261 2557 1350 2600; x_wconf 91' lang='lat' dir='ltr'>more</span> <span class='ocrx_word' id='word_1_174' title='bbox 1372 2534 1458 2599; x_wconf 89' lang='lat' dir='ltr'>Livii</span> 
     </span>
     <span class='ocr_line' id='line_1_23' title="bbox 299 2635 1457 2724; baseline 0.002 -24"><span class='ocrx_word' id='word_1_175' title='bbox 299 2657 379 2719; x_wconf 90' lang='lat' dir='ltr'>esse,</span> <span class='ocrx_word' id='word_1_176' title='bbox 401 2637 466 2722; x_wconf 92' lang='lat' dir='ltr'>qui,</span> <span class='ocrx_word' id='word_1_177' title='bbox 483 2638 656 2701; x_wconf 90' lang='lat' dir='ltr'>sententias</span> <span class='ocrx_word' id='word_1_178' title='bbox 673 2636 959 2722; x_wconf 84' lang='lat' dir='ltr'>comprehensione</span> <span class='ocrx_word' id='word_1_179' title='bbox 974 2635 1181 2702; x_wconf 90' lang='lat' dir='ltr'>devinciendi</span> <span class='ocrx_word' id='word_1_180' title='bbox 1196 2646 1231 2702; x_wconf 92' lang='lat' dir='ltr'>ut</span> <span class='ocrx_word' id='word_1_181' title='bbox 1246 2639 1302 2724; x_wconf 92' lang='lat' dir='ltr'>qui</span> <span class='ocrx_word' id='word_1_182' title='bbox 1316 2637 1457 2702; x_wconf 87' lang='lat' dir='ltr'>maxime</span> 
     </span>
     <span class='ocr_line' id='line_1_24' title="bbox 299 2737 1458 2826; baseline 0.001 -24"><span class='ocrx_word' id='word_1_183' title='bbox 299 2737 477 2820; x_wconf 89' lang='lat' dir='ltr'>studiosus,</span> <span class='ocrx_word' id='word_1_184' title='bbox 510 2760 574 2803; x_wconf 92' lang='lat' dir='ltr'>non</span> <span class='ocrx_word' id='word_1_185' title='bbox 603 2738 649 2803; x_wconf 88' lang='lat' dir='ltr'>ita</span> <span class='ocrx_word' id='word_1_186' title='bbox 677 2760 857 2804; x_wconf 91' lang='lat' dir='ltr'>sermonem</span> <span class='ocrx_word' id='word_1_187' title='bbox 888 2738 1031 2805; x_wconf 87' lang='lat' dir='ltr'>incidere</span> <span class='ocrx_word' id='word_1_188' title='bbox 1063 2738 1193 2821; x_wconf 90' lang='lat' dir='ltr'>soleret,</span> <span class='ocrx_word' id='word_1_189' title='bbox 1226 2739 1352 2826; x_wconf 91' lang='lat' dir='ltr'>qualem</span> <span class='ocrx_word' id='word_1_190' title='bbox 1384 2738 1458 2804; x_wconf 90' lang='lat' dir='ltr'>libri</span> 
     </span>
     <span class='ocr_line' id='line_1_25' title="bbox 299 2838 1458 2926; baseline 0.003 -24"><span class='ocrx_word' id='word_1_191' title='bbox 299 2838 543 2905; x_wconf 88' lang='lat' dir='ltr'>Nicomachiani</span> <span class='ocrx_word' id='word_1_192' title='bbox 571 2839 754 2906; x_wconf 77' lang='lat' dir='ltr'>exhibent“.</span> <span class='ocrx_word' id='word_1_193' title='bbox 807 2841 872 2908; x_wconf 83' lang='lat' dir='ltr'>Sed</span> <span class='ocrx_word' id='word_1_194' title='bbox 902 2863 940 2906; x_wconf 90' lang='lat' dir='ltr'>ea</span> <span class='ocrx_word' id='word_1_195' title='bbox 968 2841 1201 2926; x_wconf 85' lang='lat' dir='ltr'>argumentatio</span> <span class='ocrx_word' id='word_1_196' title='bbox 1232 2841 1304 2906; x_wconf 89' lang='lat' dir='ltr'>sola·</span> <span class='ocrx_word' id='word_1_197' title='bbox 1325 2841 1458 2906; x_wconf 88' lang='lat' dir='ltr'>minime</span> 
     </span>
     <span class='ocr_line' id='line_1_26' title="bbox 299 2939 1458 3029; baseline 0.003 -25"><span class='ocrx_word' id='word_1_198' title='bbox 299 2942 340 3005; x_wconf 91' lang='lat' dir='ltr'>ad</span> <span class='ocrx_word' id='word_1_199' title='bbox 362 2939 534 3005; x_wconf 90' lang='lat' dir='ltr'>tollendam</span> <span class='ocrx_word' id='word_1_200' title='bbox 555 2939 618 3006; x_wconf 92' lang='lat' dir='ltr'>loci</span> <span class='ocrx_word' id='word_1_201' title='bbox 641 2941 862 3008; x_wconf 87' lang='lat' dir='ltr'>difficultatem</span> <span class='ocrx_word' id='word_1_202' title='bbox 885 2942 1033 3009; x_wconf 89' lang='lat' dir='ltr'>sufficere</span> <span class='ocrx_word' id='word_1_203' title='bbox 1054 2942 1195 3026; x_wconf 89' lang='lat' dir='ltr'>videtur,</span> <span class='ocrx_word' id='word_1_204' title='bbox 1226 2965 1300 3008; x_wconf 93' lang='lat' dir='ltr'>cum</span> <span class='ocrx_word' id='word_1_205' title='bbox 1329 2943 1458 3029; x_wconf 88' lang='lat' dir='ltr'>saepius</span> 
     </span>
     <span class='ocr_line' id='line_1_27' title="bbox 299 3041 1457 3132; baseline 0.002 -25"><span class='ocrx_word' id='word_1_206' title='bbox 299 3063 448 3128; x_wconf 88' lang='lat' dir='ltr'>asperum</span> <span class='ocrx_word' id='word_1_207' title='bbox 477 3041 557 3108; x_wconf 93' lang='lat' dir='ltr'>illud</span> <span class='ocrx_word' id='word_1_208' title='bbox 583 3053 681 3130; x_wconf 91' lang='lat' dir='ltr'>atque</span> <span class='ocrx_word' id='word_1_209' title='bbox 705 3045 852 3131; x_wconf 87' lang='lat' dir='ltr'>jejunum</span> <span class='ocrx_word' id='word_1_210' title='bbox 873 3045 1025 3110; x_wconf 87' lang='lat' dir='ltr'>narrandi</span> <span class='ocrx_word' id='word_1_211' title='bbox 1046 3067 1147 3132; x_wconf 89' lang='lat' dir='ltr'>genus</span> <span class='ocrx_word' id='word_1_212' title='bbox 1169 3049 1457 3112; x_wconf 90' lang='lat' dir='ltr'>vetustissimorum</span> 
     </span>
     <span class='ocr_line' id='line_1_28' title="bbox 299 3143 1457 3235; baseline 0.003 -27"><span class='ocrx_word' id='word_1_213' title='bbox 299 3143 462 3208; x_wconf 86' lang='lat' dir='ltr'>annalium</span> <span class='ocrx_word' id='word_1_214' title='bbox 496 3145 556 3231; x_wconf 84' lang='lat' dir='ltr'>(cf.</span> <span class='ocrx_word' id='word_1_215' title='bbox 582 3146 720 3212; x_wconf 82' lang='lat' dir='ltr'>Nitscd:</span> <span class='ocrx_word' id='word_1_216' title='bbox 752 3148 817 3212; x_wconf 85' lang='lat' dir='ltr'>Dic</span> <span class='ocrx_word' id='word_1_217' title='bbox 849 3143 928 3212; x_wconf 73' lang='lat' dir='ltr'>elim.</span> <span class='ocrx_word' id='word_1_218' title='bbox 954 3147 1149 3214; x_wconf 81' lang='lat' dir='ltr'>Annalistilc</span> <span class='ocrx_word' id='word_1_219' title='bbox 1176 3171 1258 3235; x_wconf 80' lang='lat' dir='ltr'>pap.</span> <span class='ocrx_word' id='word_1_220' title='bbox 1280 3147 1339 3212; x_wconf 82' lang='lat'>156</span> <span class='ocrx_word' id='word_1_221' title='bbox 1355 3153 1457 3235; x_wconf 80' lang='lat' dir='ltr'>seqq.)</span> 
     </span>
     <span class='ocr_line' id='line_1_29' title="bbox 300 3247 1457 3336; baseline 0.002 -24"><span class='ocrx_word' id='word_1_222' title='bbox 300 3248 397 3312; x_wconf 88' lang='lat' dir='ltr'>etiarn</span> <span class='ocrx_word' id='word_1_223' title='bbox 419 3247 461 3312; x_wconf 86' lang='lat' dir='ltr'>ad</span> <span class='ocrx_word' id='word_1_224' title='bbox 475 3247 604 3313; x_wconf 87' lang='lat' dir='ltr'>Livium</span> <span class='ocrx_word' id='word_1_225' title='bbox 626 3249 832 3336; x_wconf 89' lang='lat' dir='ltr'>permanarit,</span> <span class='ocrx_word' id='word_1_226' title='bbox 855 3249 942 3336; x_wconf 90' lang='lat' dir='ltr'>quod</span> <span class='ocrx_word' id='word_1_227' title='bbox 963 3248 1049 3314; x_wconf 91' lang='lat' dir='ltr'>haud</span> <span class='ocrx_word' id='word_1_228' title='bbox 1070 3251 1238 3335; x_wconf 86' lang='lat' dir='ltr'>ignorasse</span> <span class='ocrx_word' id='word_1_229' title='bbox 1252 3250 1457 3335; x_wconf 88' lang='lat' dir='ltr'>Wodrigium</span> 
     </span>
     <span class='ocr_line' id='line_1_30' title="bbox 300 3347 1458 3444; baseline 0.003 -31"><span class='ocrx_word' id='word_1_230' title='bbox 300 3347 441 3415; x_wconf 88' lang='lat' dir='ltr'>declarat</span> <span class='ocrx_word' id='word_1_231' title='bbox 461 3360 539 3416; x_wconf 88' lang='lat' dir='ltr'>nota</span> <span class='ocrx_word' id='word_1_232' title='bbox 559 3373 635 3437; x_wconf 87' lang='lat' dir='ltr'>pag.</span> <span class='ocrx_word' id='word_1_233' title='bbox 656 3354 691 3416; x_wconf 90' lang='lat' dir='ltr'>ll</span> <span class='ocrx_word' id='word_1_234' title='bbox 715 3353 756 3417; x_wconf 90' lang='lat' dir='ltr'>ad</span> <span class='ocrx_word' id='word_1_235' title='bbox 778 3352 874 3435; x_wconf 86' lang='lat'>3,19‚</span> <span class='ocrx_word' id='word_1_236' title='bbox 891 3353 920 3417; x_wconf 89' lang='lat'>6.</span> <span class='ocrx_word' id='word_1_237' title='bbox 964 3351 1014 3417; x_wconf 85' lang='lat' dir='ltr'>Eo</span> <span class='ocrx_word' id='word_1_238' title='bbox 1036 3353 1122 3416; x_wconf 90' lang='lat' dir='ltr'>enim</span> <span class='ocrx_word' id='word_1_239' title='bbox 1143 3374 1216 3418; x_wconf 91' lang='lat' dir='ltr'>mea</span> <span class='ocrx_word' id='word_1_240' title='bbox 1238 3351 1367 3438; x_wconf 90' lang='lat' dir='ltr'>quidem</span> <span class='ocrx_word' id='word_1_241' title='bbox 1387 3374 1458 3444; x_wconf 31' lang='lat' dir='ltr'>,sen-</span> 
     </span>
     <span class='ocr_line' id='line_1_31' title="bbox 299 3449 1459 3541; baseline 0.002 -25"><span class='ocrx_word' id='word_1_242' title='bbox 299 3452 400 3518; x_wconf 89' lang='lat' dir='ltr'>tentia</span> <span class='ocrx_word' id='word_1_243' title='bbox 421 3455 517 3518; x_wconf 88' lang='lat' dir='ltr'>etiam</span> <span class='ocrx_word' id='word_1_244' title='bbox 538 3454 736 3540; x_wconf 86' lang='lat' dir='ltr'>paragraphi</span> <span class='ocrx_word' id='word_1_245' title='bbox 758 3457 787 3536; x_wconf 89' lang='lat'>6,</span> <span class='ocrx_word' id='word_1_246' title='bbox 811 3456 840 3537; x_wconf 80' lang='lat'>7,</span> <span class='ocrx_word' id='word_1_247' title='bbox 863 3455 892 3537; x_wconf 91' lang='lat'>8,</span> <span class='ocrx_word' id='word_1_248' title='bbox 916 3452 1032 3540; x_wconf 90' lang='lat' dir='ltr'>quibus</span> <span class='ocrx_word' id='word_1_249' title='bbox 1052 3449 1151 3535; x_wconf 83' lang='lat' dir='ltr'>locus,</span> <span class='ocrx_word' id='word_1_250' title='bbox 1173 3453 1213 3519; x_wconf 90' lang='lat' dir='ltr'>de</span> <span class='ocrx_word' id='word_1_251' title='bbox 1236 3477 1299 3541; x_wconf 91' lang='lat' dir='ltr'>quo</span> <span class='ocrx_word' id='word_1_252' title='bbox 1322 3455 1459 3539; x_wconf 88' lang='lat' dir='ltr'>agimus,</span> 
     </span>
     <span class='ocr_line' id='line_1_32' title="bbox 300 3554 1459 3644; baseline 0.003 -26"><span class='ocrx_word' id='word_1_253' title='bbox 300 3554 496 3638; x_wconf 88' lang='lat' dir='ltr'>continetur,</span> <span class='ocrx_word' id='word_1_254' title='bbox 519 3562 551 3621; x_wconf 89' lang='lat' dir='ltr'>ct</span> <span class='ocrx_word' id='word_1_255' title='bbox 570 3565 703 3641; x_wconf 90' lang='lat' dir='ltr'>propter</span> <span class='ocrx_word' id='word_1_256' title='bbox 723 3555 859 3620; x_wconf 89' lang='lat' dir='ltr'>formam</span> <span class='ocrx_word' id='word_1_257' title='bbox 881 3565 914 3622; x_wconf 90' lang='lat' dir='ltr'>et</span> <span class='ocrx_word' id='word_1_258' title='bbox 933 3564 1064 3642; x_wconf 89' lang='lat' dir='ltr'>propter</span> <span class='ocrx_word' id='word_1_259' title='bbox 1085 3579 1136 3621; x_wconf 92' lang='lat' dir='ltr'>res</span> <span class='ocrx_word' id='word_1_260' title='bbox 1158 3557 1205 3621; x_wconf 89' lang='lat' dir='ltr'>ibi</span> <span class='ocrx_word' id='word_1_261' title='bbox 1222 3566 1366 3622; x_wconf 90' lang='lat' dir='ltr'>narratas</span> <span class='ocrx_word' id='word_1_262' title='bbox 1378 3579 1459 3644; x_wconf 66' lang='lat' dir='ltr'>⁴per-</span> 
     </span>
     <span class='ocr_line' id='line_1_33' title="bbox 300 3655 1460 3743; baseline 0.002 -22"><span class='ocrx_word' id='word_1_263' title='bbox 300 3655 417 3738; x_wconf 79' lang='lat' dir='ltr'>tinent3</span> <span class='ocrx_word' id='word_1_264' title='bbox 451 3657 561 3743; x_wconf 90' lang='lat' dir='ltr'>itaque</span> <span class='ocrx_word' id='word_1_265' title='bbox 590 3678 780 3743; x_wconf 87' lang='lat' dir='ltr'>quaeramus</span> <span class='ocrx_word' id='word_1_266' title='bbox 807 3680 939 3725; x_wconf 89' lang='lat' dir='ltr'>necesse</span> <span class='ocrx_word' id='word_1_267' title='bbox 966 3668 1028 3741; x_wconf 90' lang='lat' dir='ltr'>est,</span> <span class='ocrx_word' id='word_1_268' title='bbox 1060 3680 1138 3722; x_wconf 92' lang='lat' dir='ltr'>num</span> <span class='ocrx_word' id='word_1_269' title='bbox 1166 3658 1228 3723; x_wconf 88' lang='lat' dir='ltr'>alia</span> <span class='ocrx_word' id='word_1_270' title='bbox 1257 3680 1370 3742; x_wconf 85' lang='lat' dir='ltr'>eausa,</span> <span class='ocrx_word' id='word_1_271' title='bbox 1402 3681 1460 3724; x_wconf 84' lang='lat' dir='ltr'>cur</span> 
     </span>
     <span class='ocr_line' id='line_1_34' title="bbox 299 3757 1458 3846; baseline 0.003 -23"><span class='ocrx_word' id='word_1_272' title='bbox 299 3757 497 3823; x_wconf 90' lang='lat' dir='ltr'>Veronensis</span> <span class='ocrx_word' id='word_1_273' title='bbox 519 3760 710 3846; x_wconf 90' lang='lat' dir='ltr'>scripturam</span> <span class='ocrx_word' id='word_1_274' title='bbox 733 3760 957 3842; x_wconf 90' lang='lat' dir='ltr'>defendamus,</span> <span class='ocrx_word' id='word_1_275' title='bbox 983 3761 1110 3826; x_wconf 85' lang='lat' dir='ltr'>existat.</span> <span class='ocrx_word' id='word_1_276' title='bbox 1153 3759 1203 3824; x_wconf 90' lang='lat' dir='ltr'>Ac</span> <span class='ocrx_word' id='word_1_277' title='bbox 1224 3785 1335 3827; x_wconf 82' lang='lat' dir='ltr'>revera</span> <span class='ocrx_word' id='word_1_278' title='bbox 1357 3761 1458 3844; x_wconf 89' lang='lat' dir='ltr'>adest,</span> 
     </span>
     <span class='ocr_line' id='line_1_35' title="bbox 303 3860 1459 3950; baseline 0.003 -26"><span class='ocrx_word' id='word_1_279' title='bbox 303 3861 331 3924; x_wconf 89' lang='lat' dir='ltr'>si</span> <span class='ocrx_word' id='word_1_280' title='bbox 361 3860 554 3925; x_wconf 90' lang='lat' dir='ltr'>Mommseni</span> <span class='ocrx_word' id='word_1_281' title='bbox 586 3864 881 3950; x_wconf 89' lang='lat' dir='ltr'>interpretationem</span> <span class='ocrx_word' id='word_1_282' title='bbox 912 3861 1006 3950; x_wconf 91' lang='lat' dir='ltr'>hujus</span> <span class='ocrx_word' id='word_1_283' title='bbox 1038 3861 1102 3927; x_wconf 92' lang='lat' dir='ltr'>loci</span> <span class='ocrx_word' id='word_1_284' title='bbox 1129 3869 1225 3949; x_wconf 75' lang='lat' dir='ltr'>(pap.</span> <span class='ocrx_word' id='word_1_285' title='bbox 1248 3865 1325 3945; x_wconf 89' lang='lat'>183)</span> <span class='ocrx_word' id='word_1_286' title='bbox 1352 3862 1459 3950; x_wconf 91' lang='lat' dir='ltr'>paullo</span> 
     </span>
     <span class='ocr_line' id='line_1_36' title="bbox 302 3963 1457 4052; baseline 0.004 -26"><span class='ocrx_word' id='word_1_287' title='bbox 302 3964 483 4039; x_wconf 83' lang='lat' dir='ltr'>accuratius</span> <span class='ocrx_word' id='word_1_288' title='bbox 518 3963 768 4030; x_wconf 90' lang='lat' dir='ltr'>consideramus.</span> <span class='ocrx_word' id='word_1_289' title='bbox 823 3965 887 4046; x_wconf 77' lang='lat' dir='ltr'>Qui</span> <span class='ocrx_word' id='word_1_290' title='bbox 919 3987 994 4030; x_wconf 91' lang='lat' dir='ltr'>cum</span> <span class='ocrx_word' id='word_1_291' title='bbox 1027 3966 1227 4030; x_wconf 89' lang='lat' dir='ltr'>enuntiatum</span> <span class='ocrx_word' id='word_1_292' title='bbox 1262 3967 1384 4052; x_wconf 89' lang='lat' dir='ltr'>„jussos</span> <span class='ocrx_word' id='word_1_293' title='bbox 1418 4004 1457 4015; x_wconf 89' lang='lat'><strong>—</strong></span> 
     </span>
    </p>
   </div>
   <div class='ocr_carea' id='block_1_3' title="bbox 305 4113 414 4120">
    <p class='ocr_par' dir='ltr' id='par_1_5' title="bbox 305 4113 414 4120">
     <span class='ocr_line' id='line_1_37' title="bbox 305 4113 414 4120; baseline -0.018 0"><span class='ocrx_word' id='word_1_294' title='bbox 305 4113 414 4120; x_wconf 80' lang='lat'><em>..-..-.</em></span> 
     </span>
    </p>
   </div>
   <div class='ocr_carea' id='block_1_4' title="bbox 300 4167 1460 4360">
    <p class='ocr_par' dir='ltr' id='par_1_6' title="bbox 300 4167 1460 4360">
     <span class='ocr_line' id='line_1_38' title="bbox 379 4167 1460 4268; baseline 0.001 -18"><span class='ocrx_word' id='word_1_295' title='bbox 379 4199 402 4265; x_wconf 88' lang='lat'>¹)</span> <span class='ocrx_word' id='word_1_296' title='bbox 426 4193 581 4267; x_wconf 85' lang='lat' dir='ltr'>Programm</span> <span class='ocrx_word' id='word_1_297' title='bbox 610 4200 657 4252; x_wconf 90' lang='lat' dir='ltr'>des</span> <span class='ocrx_word' id='word_1_298' title='bbox 684 4167 970 4253; x_wconf 81' lang='lat' dir='ltr'>Friedrich-wilhelm</span> <span class='ocrx_word' id='word_1_299' title='bbox 998 4203 1185 4268; x_wconf 79' lang='lat' dir='ltr'>Gymnasiums</span> <span class='ocrx_word' id='word_1_300' title='bbox 1213 4217 1246 4252; x_wconf 79' lang='lat' dir='ltr'>zu</span> <span class='ocrx_word' id='word_1_301' title='bbox 1272 4202 1363 4252; x_wconf 87' lang='lat' dir='ltr'>Berlin</span> <span class='ocrx_word' id='word_1_302' title='bbox 1390 4199 1460 4251; x_wconf 71' lang='lat'>1859</span> 
     </span>
     <span class='ocr_line' id='line_1_39' title="bbox 300 4291 492 4360; baseline 0.016 -19"><span class='ocrx_word' id='word_1_303' title='bbox 300 4307 363 4357; x_wconf 86' lang='lat' dir='ltr'>pag.</span> <span class='ocrx_word' id='word_1_304' title='bbox 383 4291 417 4340; x_wconf 78' lang='lat'>23</span> <span class='ocrx_word' id='word_1_305' title='bbox 437 4308 492 4360; x_wconf 89' lang='lat' dir='ltr'>seq.</span> 
     </span>
    </p>
   </div>
   <div class='ocr_carea' id='block_1_5' title="bbox 0 0 1611 5028">
    <p class='ocr_par' dir='ltr' id='par_1_7' title="bbox 0 0 1611 5028">
     <span class='ocr_line' id='line_1_40' title="bbox 0 0 1611 5028; baseline 0 0"><span class='ocrx_word' id='word_1_306' title='bbox 0 0 1611 5028; x_wconf 95' lang='lat' dir='ltr'> </span> 
     </span>
    </p>
   </div>
  </div>
 </body>
</html>
