3200 5030
655 841 909 945 Vita.

284 1121 546 1217 Guilielmus
564 1152 586 1216 J
594 1175 686 1237 ung,
701 1173 763 1237 ego
776 1163 959 1216 natussum
970 1149 1185 1213 Hauuoverae
1196 1147 1266 1214 cal.
1281 1149 1359 1236 hlaj.

202 1301 233 1340 a.
257 1276 336 1340 1861
361 1284 453 1360 patre
465 1272 604 1354 ¹Corolo,
630 1296 728 1360 quem
748 1283 824 1338 ante
845 1273 1010 1336 biennium
1031 1277 1236 1356 praematuro
1257 1281 1360 1335 morte

200 1396 281 1460 mihi
291 1405 439 1481 ereptum
449 1393 623 1459 essevalde
632 1394 736 1476 doleo,
747 1404 850 1458 matre
858 1393 1016 1478 Eugenis,
1030 1399 1155 1476 egente
1162 1389 1360 1472 Schmettsu,

46 1522 75 1606 ‘J
201 1540 286 1603 quse
306 1515 675 1600 sdhuesuperstesest
719 1515 802 1580 Octo
822 1513 1247 1578 annosnatusulssosin
1267 1535 1360 1598 gym-

48 1702 72 1715 f
200 1639 337 1718 natium,
366 1635 454 1723 quod
479 1647 550 1700 tum
578 1647 703 1702 rectore
731 1635 870 1699 Ludolso
898 1634 1055 1700 Ahrensio
1083 1635 1117 1696 iu
1144 1632 1224 1697 urbe
1250 1641 1361 1697 nostra

201 1757 348 1839 florebat,
368 1767 518 1843 receptus
539 1780 611 1821 sum
632 1768 729 1842 atque
750 1755 893 1842 paschali
914 1767 1058 1841 tempore
1080 1753 1209 1819 &1878
1230 1756 1360 1819 maturi-

41 1911 63 1920 ··
199 1879 277 1942 tatis
314 1879 533 1942 testimonium
564 1877 703 1963 adeptus
734 1877 879 1962 Lipsiam
910 1899 962 1941 me
1000 1874 1137 1957 contuli,
1173 1884 1211 1937 ut
1245 1875 1361 1940 studiis

203 1995 407 2081 philologieis
434 2021 495 2061 nee
520 2020 586 2062 nou
607 1998 767 2063 historicis
788 2021 840 2062 me
861 1998 983 2062 darem.
1025 1995 1092 2061 Ubi
1116 2017 1191 2060 oum
1213 2019 1273 2082 per
1297 1998 1361 2061 tris

75 2126 81 2144 ⁸
203 2118 370 2181 semestris
407 2117 524 2182 scholis
562 2118 810 2184 clarissimorum
841 2119 984 2183 virorum
1015 2117 1141 2202 Langii‚
1178 2115 1361 2200 Ribbeokii‚

204 2236 320 2316 Curtii,
352 2237 465 2322 Lipsii,
497 2239 705 2324 Overbeekii,
737 2240 867 2304 Arndtii
898 2239 1123 2317 interfuissem,
1155 2247 1231 2322 post
1259 2239 1361 2324 patris

202 2366 340 2420 mortem
369 2357 557 2444 Gottingam
583 2361 746 2446 profectus
775 2384 857 2444 sum,
889 2371 924 2424 ut
956 2359 1065 2424 studia
1092 2381 1165 2424 mee
1195 2359 1237 2422 ad
1265 2359 1363 2425 finem

201 2476 423 2562 perducerem.
465 2478 543 2543 Adii
563 2481 663 2564 igitur
684 2505 743 2567 per
765 2491 917 2568 quattuor
937 2481 1105 2546 semestris
1125 2480 1251 2544 scholas
1277 2481 1362 2544 viro-

201 2619 276 2660 rum
291 2597 577 2664 illustrissimorum
593 2601 741 2687 Ssuppii,
757 2601 929 2684 Lentsohii,
947 2600 1092 2683 Diltheii,
1113 2599 1226 2682 Paulii,
1241 2601 1362 2665 Wsits-

203 2716 359 2798 saeekeri‚
389 2719 595 2798 Bernheimii,
624 2723 816 2803 Baumsnui,
847 2722 984 2805 hliilleri,
1017 2719 1192 2802 Ritsohelii,
1224 2743 1361 2808 quorum

207 2840 350 2902 omnium
361 2839 462 2904 mults
475 2842 510 2904 in
520 2863 573 2905 me
583 2845 699 2909 merite
708 2846 764 2930 pio
779 2844 931 2930 fidelique
940 2845 1049 2906 animo
1060 2862 1211 2926 agnosco.
1233 2843 1363 2907 Privata

207 2958 315 3023 studia
336 2983 409 3024 mea
428 2961 635 3028 Hermannus
657 2966 822 3050 Ssuppius
847 2986 974 3029 summa
994 2964 1191 3028 humanitate
1214 2963 1295 3028 fovit
1315 2973 1362 3027 at-

204 3101 267 3164 que
288 3081 389 3163 auxit,
411 3085 464 3146 eui
485 3086 607 3170 glutias
628 3109 690 3173 ago
711 3108 810 3173 quam
832 3088 1001 3150 maximas.
