3200 5030
744 346 786 411 39

182 547 363 634 Denique
354 570 388 611 1n
409 549 480 634 ipsc
501 545 674 613 verborum
697 547 822 612 ordine:

224 649 369 732 3,‚:623
394 648 501 735 „quod
521 670 579 714 vos
602 649 680 713 mihi
701 649 849 733 feceritis,
872 648 954 714 milit
956 652 1008 716 se“
1025 649 1118 732 Ver.;
1143 649 1250 735 „quod
1271 670 1341 732 vos,

265 753 367 817 milite
335 760 395 834 tes,
423 751 503 816 mihi
530 751 689 816 feceritis“
714 752 819 834 Vict,
846 774 920 816 cum
947 752 1145 818 antecedat
1136 774 1169 814 m
1191 752 1341 836 proxima

264 855 469 940 paragrapho
483 854 714 937 „arbitrorvos
725 799 852 936 milites,
863 854 1010 920 audisse“
1022 854 1083 940 (cf.
1090 855 1330 940 po9.32seqqt)
1333 900 1340 916 .

221 959 252 1040 4,
268 957 318 1039 23,
336 959 368 1020 1:
393 957 499 1041 „apud
514 955 676 1020 Licinium
691 955 837 1021 Macrum
853 955 913 1041 (cf.
924 958 955 1039 4,
968 957 997 1039 7,
1011 958 1067 1038 1⁶2)
1082 957 1230 1020 invenio“
1248 956 1340 1038 Ver.;

266 1059 372 1145 „apud
400 1058 546 1123 Macrum
573 1057 735 1123 Licinium
763 1059 912 1124 inveni0“
936 1058 1021 1127 Vict.
1044 1081 1087 1124 ex
1113 1058 1218 1144 capite
1246 1058 1298 1141 20,
1321 1059 1340 1122 8

267 1161 394 1244 „Macer
415 1161 589 1226 Licinius“.

220 1263 367 1347 5,44,1:
391 1263 467 1347 „sed
489 1286 539 1328 res
562 1283 601 1326 ac
623 1283 793 1328 commune
811 1262 1009 1348 periculum“
1026 1263 1117 1344 Ver.;
1142 1259 1340 1347 „periculum

263 1369 453 1431 commune“
484 1365 566 1432 Vict.
596 1387 639 1429 ex
667 1365 870 1452 paragrapho
899 1366 1009 1447 tertia,
1043 1362 1099 1428 ubi
1130 1362 1249 1449 legitur
1280 1385 1341 1449 „ex

262 1466 348 1532 hosti
369 1468 567 1549 communi“;
590 1467 654 1532 vid.
676 1467 760 1532 infra
782 1491 857 1554 pag.
872 1468 923 1536 43.

220 1571 251 1652 6,
266 1570 296 1651 3,
311 1569 345 1633 9:
370 1568 502 1654 „ultima
523 1568 556 1632 in
579 1572 654 1654 spe“
678 1570 764 1648 Van,
789 1571 841 1655 „in
863 1591 920 1655 spe
943 1567 1074 1634 ultima“
1091 1567 1188 1650 Vict,
1210 1589 1284 1632 cum
1306 1568 1341 1632 in

264 1693 391 1758 paragr.
430 1679 545 1758 quarta
580 1672 725 1738 ciusdem
760 1673 876 1758 capitis
911 1669 1096 1736 inveniatur
1133 1671 1340 1756 „necessitate

225 1823 228 1832 .
266 1772 391 1857 ultima3
413 1815 456 1824 -
717 1839 721 1845 ,

180 1875 214 1937 in
235 1874 285 1940 his
307 1876 414 1941 rebus·
429 1876 593 1958 omnibus,
620 1878 767 1962 inquam,
794 1876 963 1941 lectionem
993 1875 1035 1940 ad
1062 1874 1170 1939 locum
1199 1873 1340 1961 aliquem

179 1999 280 2062 prope
306 1979 474 2043 inventum
500 1978 533 2040 in
565 1979 750 2043 recensione
771 1978 967 2042 Victoriana
998 1977 1229 2044 conformatam
1259 1997 1339 2058 esse,

179 2099 255 2142 cum
277 2078 349 2144 talis
371 2079 573 2166 interpolatio
592 2081 625 2143 in
640 2081 818 2145 Veronensi
840 2087 984 2164 grassata
1004 2099 1069 2142 non
1091 2101 1162 2145 esse
1182 2078 1339 2147 videatur.

180 2179 263 2245 Nam
292 2180 383 2247 aliter
411 2182 637 2268 dijudicandus
670 2191 734 2265 est,
766 2181 857 2246 locus
889 2183 919 2264 5,
939 2183 1032 2263 43,8
1064 2190 1199 2267 [„atqoc
1232 2181 1271 2245 de
1303 2202 1339 2246 ec

174 2285 301 2368 pavida
337 2285 497 2350 Ardeates
533 2285 736 2350 consultore“
769 2285 854 2366 Vera,
894 2285 1073 2369 „pavidos“
1113 2285 1229 2366 Viam]
1264 2303 1338 2368 quc,

179 2407 374 2472 quamquam
396 2388 430 2451 in
445 2409 517 2473 cap.
531 2387 618 2470 39,8
640 2389 795 2474 scriptum
818 2395 867 2450 est
890 2387 1020 2470 „civitas
1043 2385 1161 2472 pavide
1182 2385 1339 2470 fugerat“,

177 2487 372 2553 vccabulum
402 2489 576 2576 „pavid0s“
606 2491 806 2556 substantivo
835 2488 1030 2573 „Ardeates“
1061 2486 1339 2552 accommodatum

177 2613 249 2656 esse
284 2592 379 2656 unice
414 2590 587 2657 verisimile
620 2601 678 2657 est.
737 2592 916 2672 Quominus
952 2600 1060 2656 autem
1092 2612 1111 2654 a
1144 2589 1339 2654 Veronensis

176 2691 324 2774 librario,
347 2693 435 2779 quod
455 2693 590 2758 sortasse
612 2703 756 2780 opponat
776 2693 891 2780 aliquis
898 2739 906 2774 ,
929 2692 971 2757 ad
993 2691 1181 2758 variandam
1205 2692 1340 2775 scriptu·

179 2815 249 2858 ram
272 2816 383 2859 ornnes
404 2794 451 2858 illi
472 2795 536 2859 loci
558 2795 740 2880 interpolati
762 2797 834 2876 sint,
857 2816 931 2861 oum
954 2795 1091 2860 eruditio
1115 2795 1183 2857 eius
1205 2793 1340 2857 minima

178 2895 241 2981 (cf.
256 2898 398 2962 Proocm.
409 2899 542 2984 papir)
564 2906 632 2961 tum
655 2920 694 2962 ea
714 2920 766 2962 res
789 2897 904 2978 obstat,
927 2897 1013 2983 quod
1034 2897 1068 2960 in
1089 2895 1160 2960 aliis
1182 2894 1339 2980 exemplis

178 2999 213 3062 in
234 3000 478 3065 recessionibus
498 3002 582 3066 inter
602 3023 637 3065 se
663 2999 937 3085 discrepantibus,
966 2998 1024 3063 ubi
1045 2999 1241 3065 Veronensis
1263 3019 1338 3063 con·
1440 3011 1448 3029 ³

178 3101 402 3167 formationem
431 3124 505 3168 cum
535 3104 644 3168 vicina
670 3101 779 3189 aliqua
806 3111 1051 3186 congruentem,
1084 3102 1271 3168 Victoriana
1296 3100 1339 3165 ab

177 3226 218 3270 ea
239 3203 438 3268 differentem
460 3204 606 3288 exhibet,
628 3226 694 3269 non
715 3205 749 3267 in
769 3203 840 3287 illa,
861 3227 975 3270 verum
996 3207 1031 3269 in
1054 3205 1114 3268 hac
1135 3201 1339 3289 interpolatio

177 3306 350 3371 statuenda
381 3314 438 3370 est.
491 3307 542 3372 Ita
570 3305 641 3370 loco
669 3310 699 3390 4,
722 3309 771 3390 13,
792 3309 822 3391 8,
851 3308 907 3372 ubi
936 3308 970 3370 in
995 3306 1174 3371 Veronensi
1203 3304 1338 3370 verbum

180 3407 333 3492 „defert“,
356 3406 442 3493 quod
463 3430 562 3472 unum
577 3431 691 3473 verum
707 3432 727 3473 a
740 3409 940 3474 Mommseno
955 3418 1051 3492 atque
1067 3406 1220 3471 Fischero
1236 3407 1274 3491 (l.
1287 3409 1337 3489 d.)

177 3519 312 3574 assensu
332 3511 548 3576 recentiorum
570 3511 741 3597 probatum
763 3521 827 3594 est,
852 3511 982 3596 legitur,
1010 3531 1084 3574 cum
1111 3508 1162 3574 bis
1188 3511 1222 3573 in
1243 3531 1338 3595 para-

179 3611 311 3699 graphis
337 3613 357 3676 9
387 3620 419 3679 et
448 3614 489 3678 10
519 3614 657 3699 repetita
689 3614 746 3697 sit,
779 3636 799 3678 a
828 3613 1014 3678 Victoriana
1045 3609 1098 3678 vel
1130 3612 1337 3677 Nicomacbis

179 3717 319 3801 ejectum
346 3725 378 3781 et
405 3737 465 3801 pro
494 3737 533 3780 eo
563 3715 707 3800 „refert“
738 3737 838 3801 prave
865 3714 988 3779 illatum
1018 3723 1076 3778 est.
1127 3714 1282 3781 Similiter
1306 3716 1337 3807 5,

177 3816 230 3900 39,
256 3819 293 3880 11
315 3839 381 3882 vox
405 3818 576 3902 ,deorum“
601 3820 661 3904 (cf.
684 3820 873 3888 Mommsen,
896 3819 941 3883 od
964 3819 993 3882 b.
1019 3817 1040 3884 1.
1042 3821 1059 3898 )
1085 3826 1219 3902 propter
1239 3839 1337 3881 enun-

176 3919 294 3984 tiatum
315 3920 406 3986 brevi
427 3919 594 3987 intervallo
617 3943 755 4008 sequens
779 3921 891 4006 ,sedes
911 3920 1063 3985 deorum“
1087 3918 1224 4005 expulsa
1242 3928 1337 4005 atque

176 4041 357 4107 pronomen
388 4027 535 4107 „eorum“
567 4024 722 4111 scriptum
752 4032 809 4088 est.
858 4023 1004 4088 Tertium
1027 4020 1212 4106 exemplum
1233 4022 1337 4087 estin

176 4123 252 4190 libri
287 4126 371 4194 sexti
400 4146 428 4190 c.
449 4127 479 4209 3,
501 4127 530 4207 8,
563 4128 596 4190 in
629 4148 693 4213 quo
727 4146 879 4190 numerus
912 4120 1045 4210 pluralis
1076 4120 1287 4206 ,inermibus“
1317 4147 1338 4188 a

177 4225 377 4292 Mommsono
399 4236 495 4314 atque
517 4227 669 4294 Fischero
692 4228 730 4312 (l.
753 4229 803 4309 d.)
834 4226 1059 4291 concinnitatis
1087 4244 1185 4289 causa
1204 4232 1338 4308 propter

175 4330 363 4415 oppositum
396 4330 589 4397 vocabulum
625 4335 801 4414 ,armatos“
835 4336 1004 4395 revocatus
1037 4335 1102 4409 est,
1142 4347 1217 4390 curn
1249 4327 1339 4412 apud
