<?xml version="1.0" encoding="UTF-8"?>
<!DOCTYPE html PUBLIC "-//W3C//DTD XHTML 1.0 Transitional//EN"
    "http://www.w3.org/TR/xhtml1/DTD/xhtml1-transitional.dtd">
<html xmlns="http://www.w3.org/1999/xhtml" xml:lang="en" lang="en">
 <head>
  <title>
</title>
<meta http-equiv="Content-Type" content="text/html;charset=utf-8" />
  <meta name='ocr-system' content='tesseract 3.04.00' />
  <meta name='ocr-capabilities' content='ocr_page ocr_carea ocr_par ocr_line ocrx_word'/>
</head>
<body>
  <div class='ocr_page' id='page_1' title='image "./defidecodicisve00junggoog_0015.png"; bbox 0 0 3200 5030; ppageno 0'>
   <div class='ocr_carea' id='block_1_1' title="bbox 504 585 715 649">
    <p class='ocr_par' dir='ltr' id='par_1_1' title="bbox 504 585 715 649">
     <span class='ocr_line' id='line_1_1' title="bbox 504 585 715 649; baseline 0 -1"><span class='ocrx_word' id='word_1_1' title='bbox 504 585 715 649; x_wconf 82' lang='lat' dir='ltr'>Veronensis:</span> 
     </span>
    </p>
   </div>
   <div class='ocr_carea' id='block_1_2' title="bbox 797 471 946 482">
    <p class='ocr_par' dir='ltr' id='par_1_2' title="bbox 797 471 946 482">
     <span class='ocr_line' id='line_1_2' title="bbox 797 471 946 482; baseline -0.013 -2"><span class='ocrx_word' id='word_1_2' title='bbox 797 471 946 482; x_wconf 74' lang='lat'>......-.--—</span> 
     </span>
    </p>
   </div>
   <div class='ocr_carea' id='block_1_3' title="bbox 1068 584 1274 649">
    <p class='ocr_par' dir='ltr' id='par_1_3' title="bbox 1068 584 1274 649">
     <span class='ocr_line' id='line_1_3' title="bbox 1068 584 1274 649; baseline 0.01 -3"><span class='ocrx_word' id='word_1_3' title='bbox 1068 584 1254 649; x_wconf 90' lang='lat' dir='ltr'>Victoriana</span> <span class='ocrx_word' id='word_1_4' title='bbox 1266 608 1274 648; x_wconf 92' lang='lat'><strong>:</strong></span> 
     </span>
    </p>
   </div>
   <div class='ocr_carea' id='block_1_4' title="bbox 419 687 1135 754">
    <p class='ocr_par' dir='ltr' id='par_1_4' title="bbox 419 687 1135 754">
     <span class='ocr_line' id='line_1_4' title="bbox 419 687 1135 754; baseline -0.006 0"><span class='ocrx_word' id='word_1_5' title='bbox 419 687 611 754; x_wconf 81' lang='lat' dir='ltr'>Correctura</span> <span class='ocrx_word' id='word_1_6' title='bbox 632 687 666 750; x_wconf 92' lang='lat' dir='ltr'>in</span> <span class='ocrx_word' id='word_1_7' title='bbox 687 708 750 751; x_wconf 88' lang='lat' dir='ltr'>rec.</span> <span class='ocrx_word' id='word_1_8' title='bbox 774 687 860 752; x_wconf 88' lang='lat' dir='ltr'>Viot.</span> <span class='ocrx_word' id='word_1_9' title='bbox 882 709 947 751; x_wconf 93' lang='lat' dir='ltr'>non</span> <span class='ocrx_word' id='word_1_10' title='bbox 969 708 1047 751; x_wconf 88' lang='lat' dir='ltr'>vera</span> <span class='ocrx_word' id='word_1_11' title='bbox 1069 695 1135 750; x_wconf 88' lang='lat' dir='ltr'>est:</span> 
     </span>
    </p>
   </div>
   <div class='ocr_carea' id='block_1_5' title="bbox 377 788 757 974">
    <p class='ocr_par' dir='ltr' id='par_1_5' title="bbox 377 788 757 974">
     <span class='ocr_line' id='line_1_5' title="bbox 377 788 757 872; baseline -0.005 -18"><span class='ocrx_word' id='word_1_12' title='bbox 377 790 407 872; x_wconf 87' lang='lat'>3,</span> <span class='ocrx_word' id='word_1_13' title='bbox 430 791 482 869; x_wconf 87' lang='lat'>44,</span> <span class='ocrx_word' id='word_1_14' title='bbox 504 791 540 854; x_wconf 97' lang='lat'>7:</span> <span class='ocrx_word' id='word_1_15' title='bbox 562 788 757 854; x_wconf 90' lang='lat' dir='ltr'>celebratum</span> 
     </span>
     <span class='ocr_line' id='line_1_6' title="bbox 377 891 690 974; baseline -0.01 -17"><span class='ocrx_word' id='word_1_16' title='bbox 377 894 408 974; x_wconf 88' lang='grc'>4,</span> <span class='ocrx_word' id='word_1_17' title='bbox 430 894 481 972; x_wconf 95' lang='lat'>27,</span> <span class='ocrx_word' id='word_1_18' title='bbox 503 894 542 957; x_wconf 89' lang='lat'>3:</span> <span class='ocrx_word' id='word_1_19' title='bbox 564 891 690 956; x_wconf 87' lang='lat' dir='ltr'>videret</span> 
     </span>
    </p>
   </div>
   <div class='ocr_carea' id='block_1_6' title="bbox 976 785 1198 954">
    <p class='ocr_par' dir='ltr' id='par_1_6' title="bbox 976 785 1198 954">
     <span class='ocr_line' id='line_1_7' title="bbox 976 785 1198 853; baseline 0.005 -1"><span class='ocrx_word' id='word_1_20' title='bbox 976 785 1198 853; x_wconf 83' lang='lat' dir='ltr'>celebrabatur</span> 
     </span>
     <span class='ocr_line' id='line_1_8' title="bbox 977 889 1126 954; baseline 0 0"><span class='ocrx_word' id='word_1_21' title='bbox 977 889 1126 954; x_wconf 87' lang='lat' dir='ltr'>viderant</span> 
     </span>
    </p>
   </div>
   <div class='ocr_carea' id='block_1_7' title="bbox 376 990 1376 1077">
    <p class='ocr_par' dir='ltr' id='par_1_7' title="bbox 376 990 1376 1077">
     <span class='ocr_line' id='line_1_9' title="bbox 376 990 1376 1077; baseline -0.003 -19"><span class='ocrx_word' id='word_1_22' title='bbox 376 995 408 1077; x_wconf 90' lang='lat'>4,</span> <span class='ocrx_word' id='word_1_23' title='bbox 430 995 482 1077; x_wconf 83' lang='lat'>58,</span> <span class='ocrx_word' id='word_1_24' title='bbox 503 995 538 1058; x_wconf 83' lang='lat'>4:</span> <span class='ocrx_word' id='word_1_25' title='bbox 552 995 666 1058; x_wconf 89' lang='lat' dir='ltr'>restari</span> <span class='ocrx_word' id='word_1_26' title='bbox 678 993 907 1058; x_wconf 79' lang='lat' dir='ltr'>nuntiabantur</span> <span class='ocrx_word' id='word_1_27' title='bbox 980 1000 1100 1057; x_wconf 85' lang='lat' dir='ltr'>restare</span> <span class='ocrx_word' id='word_1_28' title='bbox 1121 990 1352 1056; x_wconf 88' lang='lat' dir='ltr'>nuntiabantur</span> <span class='ocrx_word' id='word_1_29' title='bbox 1372 1059 1376 1068; x_wconf 67' lang='grc'><strong>,</strong></span> 
     </span>
    </p>
   </div>
   <div class='ocr_carea' id='block_1_8' title="bbox 377 1095 704 1177">
    <p class='ocr_par' dir='ltr' id='par_1_8' title="bbox 377 1095 704 1177">
     <span class='ocr_line' id='line_1_10' title="bbox 377 1095 704 1177; baseline -0.009 -16"><span class='ocrx_word' id='word_1_30' title='bbox 377 1098 407 1177; x_wconf 97' lang='grc'>5,</span> <span class='ocrx_word' id='word_1_31' title='bbox 430 1097 460 1176; x_wconf 87' lang='grc'>3,</span> <span class='ocrx_word' id='word_1_32' title='bbox 482 1095 519 1167; x_wconf 86' lang='lat'>5:</span> <span class='ocrx_word' id='word_1_33' title='bbox 540 1095 704 1159; x_wconf 88' lang='lat' dir='ltr'>videretur</span> 
     </span>
    </p>
   </div>
   <div class='ocr_carea' id='block_1_9' title="bbox 977 1105 1089 1159">
    <p class='ocr_par' dir='ltr' id='par_1_9' title="bbox 977 1105 1089 1159">
     <span class='ocr_line' id='line_1_11' title="bbox 977 1105 1089 1159; baseline 0 -1"><span class='ocrx_word' id='word_1_34' title='bbox 977 1105 1089 1159; x_wconf 87' lang='lat' dir='ltr'>rentur</span> 
     </span>
    </p>
   </div>
   <div class='ocr_carea' id='block_1_10' title="bbox 378 1198 1277 1386">
    <p class='ocr_par' dir='ltr' id='par_1_10' title="bbox 378 1198 1277 1386">
     <span class='ocr_line' id='line_1_12' title="bbox 378 1198 1277 1282; baseline -0.003 -20"><span class='ocrx_word' id='word_1_35' title='bbox 378 1198 408 1280; x_wconf 91' lang='grc'>5,</span> <span class='ocrx_word' id='word_1_36' title='bbox 430 1199 481 1280; x_wconf 90' lang='grc'>53,</span> <span class='ocrx_word' id='word_1_37' title='bbox 504 1198 538 1262; x_wconf 93' lang='lat'>2:</span> <span class='ocrx_word' id='word_1_38' title='bbox 560 1199 862 1282; x_wconf 84' lang='lat' dir='ltr'>transmigrarentur</span> <span class='ocrx_word' id='word_1_39' title='bbox 978 1199 1277 1282; x_wconf 81' lang='lat' dir='ltr'>transmigraremus</span> 
     </span>
     <span class='ocr_line' id='line_1_13' title="bbox 547 1298 1043 1386; baseline 0 -24"><span class='ocrx_word' id='word_1_40' title='bbox 547 1299 588 1364; x_wconf 90' lang='lat' dir='ltr'>de</span> <span class='ocrx_word' id='word_1_41' title='bbox 612 1299 729 1386; x_wconf 91' lang='lat' dir='ltr'>quibus</span> <span class='ocrx_word' id='word_1_42' title='bbox 750 1298 830 1363; x_wconf 91' lang='lat' dir='ltr'>locis</span> <span class='ocrx_word' id='word_1_43' title='bbox 852 1299 929 1364; x_wconf 86' lang='lat' dir='ltr'>vide</span> <span class='ocrx_word' id='word_1_44' title='bbox 950 1298 1043 1362; x_wconf 85' lang='lat' dir='ltr'>infra.</span> 
     </span>
    </p>
   </div>
   <div class='ocr_carea' id='block_1_11' title="bbox 371 1436 1368 1524">
    <p class='ocr_par' dir='ltr' id='par_1_11' title="bbox 371 1436 1368 1524">
     <span class='ocr_line' id='line_1_14' title="bbox 371 1436 1368 1524; baseline -0.002 -22"><span class='ocrx_word' id='word_1_45' title='bbox 371 1437 406 1524; x_wconf 82' lang='lat'>2)</span> <span class='ocrx_word' id='word_1_46' title='bbox 430 1436 564 1502; x_wconf 83' lang='lat' dir='ltr'>Errores</span> <span class='ocrx_word' id='word_1_47' title='bbox 586 1439 648 1502; x_wconf 92' lang='lat' dir='ltr'>orti</span> <span class='ocrx_word' id='word_1_48' title='bbox 669 1436 739 1502; x_wconf 89' lang='lat' dir='ltr'>aliis</span> <span class='ocrx_word' id='word_1_49' title='bbox 760 1436 875 1502; x_wconf 90' lang='lat' dir='ltr'>litteris</span> <span class='ocrx_word' id='word_1_50' title='bbox 897 1459 992 1524; x_wconf 86' lang='lat' dir='ltr'>prave</span> <span class='ocrx_word' id='word_1_51' title='bbox 1014 1436 1132 1502; x_wconf 89' lang='lat' dir='ltr'>additis</span> <span class='ocrx_word' id='word_1_52' title='bbox 1153 1436 1206 1502; x_wconf 83' lang='lat' dir='ltr'>vel</span> <span class='ocrx_word' id='word_1_53' title='bbox 1228 1436 1368 1500; x_wconf 90' lang='lat' dir='ltr'>omissis:</span> 
     </span>
    </p>
   </div>
   <div class='ocr_carea' id='block_1_12' title="bbox 379 1538 766 2232">
    <p class='ocr_par' dir='ltr' id='par_1_12' title="bbox 379 1538 699 1624">
     <span class='ocr_line' id='line_1_15' title="bbox 379 1538 699 1624; baseline 0 -20"><span class='ocrx_word' id='word_1_54' title='bbox 379 1540 410 1620; x_wconf 87' lang='lat'>3,</span> <span class='ocrx_word' id='word_1_55' title='bbox 433 1540 463 1622; x_wconf 95' lang='lat'>7,</span> <span class='ocrx_word' id='word_1_56' title='bbox 485 1542 520 1606; x_wconf 90' lang='lat'>8:</span> <span class='ocrx_word' id='word_1_57' title='bbox 542 1538 699 1624; x_wconf 91' lang='lat' dir='ltr'>impleant</span> 
     </span>
    </p>

    <p class='ocr_par' dir='ltr' id='par_1_13' title="bbox 379 1642 660 1727">
     <span class='ocr_line' id='line_1_16' title="bbox 379 1642 660 1727; baseline -0.004 -22"><span class='ocrx_word' id='word_1_58' title='bbox 379 1642 410 1724; x_wconf 86' lang='lat'>3,</span> <span class='ocrx_word' id='word_1_59' title='bbox 434 1642 484 1724; x_wconf 88' lang='grc'>35,</span> <span class='ocrx_word' id='word_1_60' title='bbox 508 1643 542 1707; x_wconf 90' lang='lat'>8:</span> <span class='ocrx_word' id='word_1_61' title='bbox 565 1663 660 1727; x_wconf 90' lang='lat' dir='ltr'>posse</span> 
     </span>
    </p>

    <p class='ocr_par' dir='ltr' id='par_1_14' title="bbox 379 1742 766 1929">
     <span class='ocr_line' id='line_1_17' title="bbox 379 1742 766 1829; baseline 0.008 -23"><span class='ocrx_word' id='word_1_62' title='bbox 379 1743 409 1824; x_wconf 88' lang='lat'>3,</span> <span class='ocrx_word' id='word_1_63' title='bbox 433 1743 484 1824; x_wconf 85' lang='grc'>35,</span> <span class='ocrx_word' id='word_1_64' title='bbox 509 1744 561 1807; x_wconf 85' lang='lat'>10:</span> <span class='ocrx_word' id='word_1_65' title='bbox 583 1742 766 1829; x_wconf 90' lang='lat' dir='ltr'>improbant</span> 
     </span>
     <span class='ocr_line' id='line_1_18' title="bbox 380 1846 686 1929; baseline 0 -20"><span class='ocrx_word' id='word_1_66' title='bbox 380 1846 410 1926; x_wconf 92' lang='lat'>3,</span> <span class='ocrx_word' id='word_1_67' title='bbox 432 1847 483 1929; x_wconf 89' lang='grc'>61,</span> <span class='ocrx_word' id='word_1_68' title='bbox 506 1847 540 1910; x_wconf 88' lang='lat'>8:</span> <span class='ocrx_word' id='word_1_69' title='bbox 563 1855 686 1910; x_wconf 89' lang='lat' dir='ltr'>terrent</span> 
     </span>
    </p>

    <p class='ocr_par' dir='ltr' id='par_1_15' title="bbox 379 1947 762 2130">
     <span class='ocr_line' id='line_1_19' title="bbox 379 1947 762 2029; baseline 0 -18"><span class='ocrx_word' id='word_1_70' title='bbox 379 1947 410 2029; x_wconf 89' lang='lat'>3,</span> <span class='ocrx_word' id='word_1_71' title='bbox 432 1948 483 2029; x_wconf 86' lang='grc'>65,</span> <span class='ocrx_word' id='word_1_72' title='bbox 505 1949 539 2013; x_wconf 91' lang='lat'>8:</span> <span class='ocrx_word' id='word_1_73' title='bbox 563 1949 762 2012; x_wconf 83' lang='lat' dir='ltr'>continuerat</span> 
     </span>
     <span class='ocr_line' id='line_1_20' title="bbox 379 2049 630 2130; baseline 0.004 -17"><span class='ocrx_word' id='word_1_74' title='bbox 379 2050 410 2130; x_wconf 90' lang='lat'>4,</span> <span class='ocrx_word' id='word_1_75' title='bbox 434 2051 463 2129; x_wconf 94' lang='lat'>7,</span> <span class='ocrx_word' id='word_1_76' title='bbox 486 2049 521 2113; x_wconf 95' lang='lat'>7:</span> <span class='ocrx_word' id='word_1_77' title='bbox 544 2051 630 2114; x_wconf 89' lang='lat' dir='ltr'>coire</span> 
     </span>
    </p>

    <p class='ocr_par' dir='ltr' id='par_1_16' title="bbox 380 2151 634 2232">
     <span class='ocr_line' id='line_1_21' title="bbox 380 2151 634 2232; baseline 0.012 -19"><span class='ocrx_word' id='word_1_78' title='bbox 380 2152 411 2232; x_wconf 91' lang='lat'>4,</span> <span class='ocrx_word' id='word_1_79' title='bbox 436 2154 486 2231; x_wconf 91' lang='lat'>11,</span> <span class='ocrx_word' id='word_1_80' title='bbox 508 2152 544 2214; x_wconf 93' lang='lat'>2:</span> <span class='ocrx_word' id='word_1_81' title='bbox 566 2151 634 2216; x_wconf 89' lang='lat' dir='ltr'>fore</span> 
     </span>
    </p>
   </div>
   <div class='ocr_carea' id='block_1_13' title="bbox 380 2253 806 2440">
    <p class='ocr_par' dir='ltr' id='par_1_17' title="bbox 380 2253 806 2440">
     <span class='ocr_line' id='line_1_22' title="bbox 380 2253 791 2338; baseline 0.002 -22"><span class='ocrx_word' id='word_1_82' title='bbox 380 2253 411 2333; x_wconf 90' lang='lat'>4,</span> <span class='ocrx_word' id='word_1_83' title='bbox 436 2253 485 2333; x_wconf 96' lang='grc'>14,</span> <span class='ocrx_word' id='word_1_84' title='bbox 507 2253 541 2316; x_wconf 91' lang='lat'>3:</span> <span class='ocrx_word' id='word_1_85' title='bbox 563 2274 743 2338; x_wconf 88' lang='lat' dir='ltr'>proponere</span> <span class='ocrx_word' id='word_1_86' title='bbox 787 2257 791 2273; x_wconf 90' lang='lat'>&#39;</span> 
     </span>
     <span class='ocr_line' id='line_1_23' title="bbox 380 2354 806 2440; baseline 0.009 -24"><span class='ocrx_word' id='word_1_87' title='bbox 380 2355 411 2435; x_wconf 94' lang='lat'>4,</span> <span class='ocrx_word' id='word_1_88' title='bbox 436 2356 485 2434; x_wconf 91' lang='grc'>14,</span> <span class='ocrx_word' id='word_1_89' title='bbox 507 2354 544 2418; x_wconf 91' lang='lat'>3:</span> <span class='ocrx_word' id='word_1_90' title='bbox 566 2354 753 2440; x_wconf 87' lang='lat' dir='ltr'>imploraret</span> <span class='ocrx_word' id='word_1_91' title='bbox 775 2365 806 2420; x_wconf 90' lang='lat' dir='ltr'>et</span> 
     </span>
    </p>
   </div>
   <div class='ocr_carea' id='block_1_14' title="bbox 381 2454 695 2850">
    <p class='ocr_par' dir='ltr' id='par_1_18' title="bbox 381 2454 695 2850">
     <span class='ocr_line' id='line_1_24' title="bbox 381 2454 636 2536; baseline 0 -16"><span class='ocrx_word' id='word_1_92' title='bbox 381 2457 412 2536; x_wconf 88' lang='lat'>4,</span> <span class='ocrx_word' id='word_1_93' title='bbox 434 2456 485 2536; x_wconf 94' lang='lat'>24,</span> <span class='ocrx_word' id='word_1_94' title='bbox 507 2454 543 2520; x_wconf 92' lang='lat'>4:</span> <span class='ocrx_word' id='word_1_95' title='bbox 566 2478 636 2520; x_wconf 90' lang='lat' dir='ltr'>esse</span> 
     </span>
     <span class='ocr_line' id='line_1_25' title="bbox 381 2558 638 2640; baseline 0.004 -18"><span class='ocrx_word' id='word_1_96' title='bbox 381 2558 412 2640; x_wconf 89' lang='lat'>4,</span> <span class='ocrx_word' id='word_1_97' title='bbox 434 2559 485 2639; x_wconf 90' lang='grc'>58,</span> <span class='ocrx_word' id='word_1_98' title='bbox 509 2558 545 2622; x_wconf 90' lang='lat'>3:</span> <span class='ocrx_word' id='word_1_99' title='bbox 569 2580 638 2623; x_wconf 89' lang='lat' dir='ltr'>esse</span> 
     </span>
     <span class='ocr_line' id='line_1_26' title="bbox 382 2661 640 2746; baseline 0.012 -23"><span class='ocrx_word' id='word_1_100' title='bbox 382 2661 412 2742; x_wconf 94' lang='grc'>5,</span> <span class='ocrx_word' id='word_1_101' title='bbox 435 2662 465 2741; x_wconf 90' lang='grc'>4,</span> <span class='ocrx_word' id='word_1_102' title='bbox 488 2662 522 2723; x_wconf 82' lang='lat'>5:</span> <span class='ocrx_word' id='word_1_103' title='bbox 544 2683 640 2746; x_wconf 90' lang='lat' dir='ltr'>posse</span> 
     </span>
     <span class='ocr_line' id='line_1_27' title="bbox 383 2762 695 2850; baseline 0.003 -23"><span class='ocrx_word' id='word_1_104' title='bbox 383 2764 412 2845; x_wconf 87' lang='grc'>5,</span> <span class='ocrx_word' id='word_1_105' title='bbox 433 2763 486 2843; x_wconf 93' lang='grc'>44,</span> <span class='ocrx_word' id='word_1_106' title='bbox 507 2762 543 2826; x_wconf 84' lang='lat'>5:</span> <span class='ocrx_word' id='word_1_107' title='bbox 567 2772 695 2850; x_wconf 83' lang='lat' dir='ltr'>ceperat</span> 
     </span>
    </p>
   </div>
   <div class='ocr_carea' id='block_1_15' title="bbox 978 1540 1208 2848">
    <p class='ocr_par' dir='ltr' id='par_1_19' title="bbox 979 1540 1207 2115">
     <span class='ocr_line' id='line_1_28' title="bbox 979 1540 1116 1625; baseline -0.015 -21"><span class='ocrx_word' id='word_1_108' title='bbox 979 1540 1116 1625; x_wconf 89' lang='lat' dir='ltr'>implent</span> 
     </span>
     <span class='ocr_line' id='line_1_29' title="bbox 981 1651 1091 1728; baseline -0.018 -21"><span class='ocrx_word' id='word_1_109' title='bbox 981 1651 1091 1728; x_wconf 89' lang='lat' dir='ltr'>posset</span> 
     </span>
     <span class='ocr_line' id='line_1_30' title="bbox 981 1743 1207 1830; baseline -0.004 -23"><span class='ocrx_word' id='word_1_110' title='bbox 981 1743 1207 1830; x_wconf 89' lang='lat' dir='ltr'>improbabant</span> 
     </span>
     <span class='ocr_line' id='line_1_31' title="bbox 980 1855 1119 1911; baseline -0.014 0"><span class='ocrx_word' id='word_1_111' title='bbox 980 1855 1119 1911; x_wconf 90' lang='lat' dir='ltr'>tererent</span> 
     </span>
     <span class='ocr_line' id='line_1_32' title="bbox 980 1948 1166 2012; baseline 0 0"><span class='ocrx_word' id='word_1_112' title='bbox 980 1948 1166 2012; x_wconf 84' lang='lat' dir='ltr'>continuere</span> 
     </span>
     <span class='ocr_line' id='line_1_33' title="bbox 981 2051 1086 2115; baseline 0.019 -2"><span class='ocrx_word' id='word_1_113' title='bbox 981 2051 1086 2115; x_wconf 87' lang='lat' dir='ltr'>coiere</span> 
     </span>
    </p>

    <p class='ocr_par' dir='ltr' id='par_1_20' title="bbox 978 2153 1208 2522">
     <span class='ocr_line' id='line_1_34' title="bbox 982 2153 1066 2216; baseline 0.024 -2"><span class='ocrx_word' id='word_1_114' title='bbox 982 2153 1066 2216; x_wconf 85' lang='lat' dir='ltr'>foret</span> 
     </span>
     <span class='ocr_line' id='line_1_35' title="bbox 978 2263 1173 2340; baseline 0.01 -24"><span class='ocrx_word' id='word_1_115' title='bbox 978 2263 1173 2340; x_wconf 90' lang='lat' dir='ltr'>proponeret</span> 
     </span>
     <span class='ocr_line' id='line_1_36' title="bbox 982 2355 1208 2441; baseline 0.004 -22"><span class='ocrx_word' id='word_1_116' title='bbox 982 2355 1153 2441; x_wconf 89' lang='lat' dir='ltr'>implorare</span> <span class='ocrx_word' id='word_1_117' title='bbox 1176 2365 1208 2420; x_wconf 87' lang='lat' dir='ltr'>et</span> 
     </span>
     <span class='ocr_line' id='line_1_37' title="bbox 981 2467 1069 2522; baseline 0 0"><span class='ocrx_word' id='word_1_118' title='bbox 981 2467 1069 2522; x_wconf 87' lang='lat' dir='ltr'>esset</span> 
     </span>
    </p>

    <p class='ocr_par' dir='ltr' id='par_1_21' title="bbox 983 2567 1068 2624">
     <span class='ocr_line' id='line_1_38' title="bbox 983 2567 1068 2624; baseline -0.012 0"><span class='ocrx_word' id='word_1_119' title='bbox 983 2567 1068 2624; x_wconf 91' lang='lat' dir='ltr'>esset</span> 
     </span>
    </p>

    <p class='ocr_par' dir='ltr' id='par_1_22' title="bbox 982 2671 1098 2848">
     <span class='ocr_line' id='line_1_39' title="bbox 983 2671 1093 2748; baseline 0 -23"><span class='ocrx_word' id='word_1_120' title='bbox 983 2671 1093 2748; x_wconf 90' lang='lat' dir='ltr'>posset</span> 
     </span>
     <span class='ocr_line' id='line_1_40' title="bbox 982 2784 1098 2848; baseline 0 -22"><span class='ocrx_word' id='word_1_121' title='bbox 982 2784 1098 2848; x_wconf 83' lang='lat' dir='ltr'>cepere</span> 
     </span>
    </p>
   </div>
   <div class='ocr_carea' id='block_1_16' title="bbox 531 2900 1225 2987">
    <p class='ocr_par' dir='ltr' id='par_1_23' title="bbox 531 2900 1225 2987">
     <span class='ocr_line' id='line_1_41' title="bbox 531 2900 1225 2987; baseline -0.003 -21"><span class='ocrx_word' id='word_1_122' title='bbox 531 2904 565 2987; x_wconf 89' lang='grc'>3)</span> <span class='ocrx_word' id='word_1_123' title='bbox 589 2903 724 2966; x_wconf 86' lang='lat' dir='ltr'>Errores</span> <span class='ocrx_word' id='word_1_124' title='bbox 747 2901 806 2964; x_wconf 88' lang='lat' dir='ltr'>orti</span> <span class='ocrx_word' id='word_1_125' title='bbox 827 2901 956 2966; x_wconf 91' lang='lat' dir='ltr'>mutatis</span> <span class='ocrx_word' id='word_1_126' title='bbox 978 2923 1076 2986; x_wconf 88' lang='lat' dir='ltr'>prave</span> <span class='ocrx_word' id='word_1_127' title='bbox 1097 2900 1225 2966; x_wconf 87' lang='lat' dir='ltr'>litteris:</span> 
     </span>
    </p>
   </div>
   <div class='ocr_carea' id='block_1_17' title="bbox 383 3000 772 4106">
    <p class='ocr_par' dir='ltr' id='par_1_24' title="bbox 383 3000 760 3186">
     <span class='ocr_line' id='line_1_42' title="bbox 383 3000 760 3086; baseline -0.005 -18"><span class='ocrx_word' id='word_1_128' title='bbox 383 3003 413 3084; x_wconf 88' lang='lat'>3,</span> <span class='ocrx_word' id='word_1_129' title='bbox 437 3003 487 3082; x_wconf 89' lang='lat'>21,</span> <span class='ocrx_word' id='word_1_130' title='bbox 511 3003 544 3067; x_wconf 93' lang='lat'>7:</span> <span class='ocrx_word' id='word_1_131' title='bbox 568 3000 760 3086; x_wconf 89' lang='lat' dir='ltr'>impenderit</span> 
     </span>
     <span class='ocr_line' id='line_1_43' title="bbox 383 3103 681 3186; baseline -0.01 -17"><span class='ocrx_word' id='word_1_132' title='bbox 383 3106 413 3186; x_wconf 89' lang='grc'>3,</span> <span class='ocrx_word' id='word_1_133' title='bbox 435 3105 487 3186; x_wconf 89' lang='grc'>22,</span> <span class='ocrx_word' id='word_1_134' title='bbox 509 3105 545 3168; x_wconf 80' lang='lat'>5:</span> <span class='ocrx_word' id='word_1_135' title='bbox 568 3103 681 3168; x_wconf 89' lang='lat' dir='ltr'>ceditis</span> 
     </span>
    </p>

    <p class='ocr_par' dir='ltr' id='par_1_25' title="bbox 383 3205 772 3594">
     <span class='ocr_line' id='line_1_44' title="bbox 383 3205 772 3288; baseline -0.008 -17"><span class='ocrx_word' id='word_1_136' title='bbox 383 3207 414 3288; x_wconf 88' lang='lat'>3,</span> <span class='ocrx_word' id='word_1_137' title='bbox 436 3205 488 3287; x_wconf 90' lang='grc'>29,</span> <span class='ocrx_word' id='word_1_138' title='bbox 510 3207 547 3270; x_wconf 85' lang='lat'>6:</span> <span class='ocrx_word' id='word_1_139' title='bbox 570 3205 772 3270; x_wconf 90' lang='lat' dir='ltr'>abdicassem</span> 
     </span>
     <span class='ocr_line' id='line_1_45' title="bbox 384 3307 765 3391; baseline -0.01 -17"><span class='ocrx_word' id='word_1_140' title='bbox 384 3309 413 3391; x_wconf 92' lang='lat'>3,</span> <span class='ocrx_word' id='word_1_141' title='bbox 436 3309 488 3390; x_wconf 91' lang='lat'>44,</span> <span class='ocrx_word' id='word_1_142' title='bbox 511 3308 546 3371; x_wconf 91' lang='lat'>7:</span> <span class='ocrx_word' id='word_1_143' title='bbox 569 3307 765 3373; x_wconf 86' lang='lat' dir='ltr'>celebratum</span> 
     </span>
     <span class='ocr_line' id='line_1_46' title="bbox 384 3408 770 3494; baseline -0.008 -18"><span class='ocrx_word' id='word_1_144' title='bbox 384 3411 414 3494; x_wconf 88' lang='lat'>3,</span> <span class='ocrx_word' id='word_1_145' title='bbox 437 3412 488 3491; x_wconf 88' lang='grc'>61,</span> <span class='ocrx_word' id='word_1_146' title='bbox 511 3411 545 3474; x_wconf 93' lang='lat'>8:</span> <span class='ocrx_word' id='word_1_147' title='bbox 568 3408 770 3474; x_wconf 85' lang='lat' dir='ltr'>sustinebant</span> 
     </span>
     <span class='ocr_line' id='line_1_47' title="bbox 384 3509 691 3594; baseline -0.007 -18"><span class='ocrx_word' id='word_1_148' title='bbox 384 3514 415 3594; x_wconf 91' lang='lat'>4,</span> <span class='ocrx_word' id='word_1_149' title='bbox 439 3513 489 3593; x_wconf 85' lang='lat'>13,</span> <span class='ocrx_word' id='word_1_150' title='bbox 513 3513 547 3575; x_wconf 96' lang='lat'>7:</span> <span class='ocrx_word' id='word_1_151' title='bbox 570 3509 691 3576; x_wconf 87' lang='lat' dir='ltr'>relatus</span> 
     </span>
    </p>

    <p class='ocr_par' dir='ltr' id='par_1_26' title="bbox 384 3613 739 3700">
     <span class='ocr_line' id='line_1_48' title="bbox 384 3613 739 3700; baseline -0.003 -22"><span class='ocrx_word' id='word_1_152' title='bbox 384 3615 415 3694; x_wconf 93' lang='grc'>5,</span> <span class='ocrx_word' id='word_1_153' title='bbox 438 3613 489 3695; x_wconf 84' lang='grc'>39,</span> <span class='ocrx_word' id='word_1_154' title='bbox 512 3613 546 3676; x_wconf 95' lang='lat'>7:</span> <span class='ocrx_word' id='word_1_155' title='bbox 570 3621 739 3700; x_wconf 80' lang='lat' dir='ltr'>supererat</span> 
     </span>
    </p>

    <p class='ocr_par' dir='ltr' id='par_1_27' title="bbox 385 3717 697 3798">
     <span class='ocr_line' id='line_1_49' title="bbox 385 3717 697 3798; baseline -0.013 -17"><span class='ocrx_word' id='word_1_156' title='bbox 385 3718 415 3798; x_wconf 90' lang='grc'><strong>5,</strong></span> <span class='ocrx_word' id='word_1_157' title='bbox 437 3717 489 3796; x_wconf 91' lang='grc'>41,</span> <span class='ocrx_word' id='word_1_158' title='bbox 513 3717 549 3780; x_wconf 86' lang='lat'>9:</span> <span class='ocrx_word' id='word_1_159' title='bbox 571 3724 697 3779; x_wconf 89' lang='lat' dir='ltr'>starena</span> 
     </span>
    </p>

    <p class='ocr_par' dir='ltr' id='par_1_28' title="bbox 387 3817 754 4000">
     <span class='ocr_line' id='line_1_50' title="bbox 387 3817 754 3902; baseline -0.005 -20"><span class='ocrx_word' id='word_1_160' title='bbox 387 3820 418 3898; x_wconf 90' lang='grc'><strong>5,</strong></span> <span class='ocrx_word' id='word_1_161' title='bbox 439 3819 491 3898; x_wconf 92' lang='grc'><strong>45,</strong></span> <span class='ocrx_word' id='word_1_162' title='bbox 513 3818 550 3881; x_wconf 92' lang='lat'>4:</span> <span class='ocrx_word' id='word_1_163' title='bbox 574 3817 754 3902; x_wconf 87' lang='lat' dir='ltr'>oppugnari</span> 
     </span>
     <span class='ocr_line' id='line_1_51' title="bbox 387 3920 693 4000; baseline -0.007 -15"><span class='ocrx_word' id='word_1_164' title='bbox 387 3922 417 4000; x_wconf 88' lang='grc'><strong>5,</strong></span> <span class='ocrx_word' id='word_1_165' title='bbox 439 3920 491 4000; x_wconf 92' lang='grc'><strong>51,</strong></span> <span class='ocrx_word' id='word_1_166' title='bbox 515 3922 549 3982; x_wconf 86' lang='lat'>1:</span> <span class='ocrx_word' id='word_1_167' title='bbox 572 3929 639 3983; x_wconf 88' lang='lat' dir='ltr'>erat</span> <span class='ocrx_word' id='word_1_168' title='bbox 661 3929 693 3983; x_wconf 89' lang='lat' dir='ltr'>et</span> 
     </span>
    </p>

    <p class='ocr_par' dir='ltr' id='par_1_29' title="bbox 386 4019 746 4106">
     <span class='ocr_line' id='line_1_52' title="bbox 386 4019 746 4106; baseline 0 -21"><span class='ocrx_word' id='word_1_169' title='bbox 386 4022 416 4103; x_wconf 94' lang='grc'><strong>5,</strong></span> <span class='ocrx_word' id='word_1_170' title='bbox 438 4022 490 4104; x_wconf 87' lang='grc'><strong>53,</strong></span> <span class='ocrx_word' id='word_1_171' title='bbox 511 4022 547 4085; x_wconf 85' lang='lat'>5:</span> <span class='ocrx_word' id='word_1_172' title='bbox 569 4019 746 4106; x_wconf 87' lang='lat' dir='ltr'>relinquine</span> 
     </span>
    </p>
   </div>
   <div class='ocr_carea' id='block_1_18' title="bbox 894 3002 1184 3088">
    <p class='ocr_par' dir='ltr' id='par_1_30' title="bbox 894 3002 1184 3088">
     <span class='ocr_line' id='line_1_53' title="bbox 894 3002 1184 3088; baseline 0.003 -23"><span class='ocrx_word' id='word_1_173' title='bbox 894 3025 895 3030; x_wconf 49' lang='lat'>¹</span> <span class='ocrx_word' id='word_1_174' title='bbox 983 3002 1184 3088; x_wconf 89' lang='lat' dir='ltr'>impenderet</span> 
     </span>
    </p>
   </div>
   <div class='ocr_carea' id='block_1_19' title="bbox 983 3106 1264 4107">
    <p class='ocr_par' dir='ltr' id='par_1_31' title="bbox 983 3106 1264 4107">
     <span class='ocr_line' id='line_1_54' title="bbox 985 3106 1107 3169; baseline 0 -1"><span class='ocrx_word' id='word_1_175' title='bbox 985 3106 1107 3169; x_wconf 88' lang='lat' dir='ltr'>cedatis</span> 
     </span>
     <span class='ocr_line' id='line_1_55' title="bbox 983 3205 1164 3271; baseline 0 -1"><span class='ocrx_word' id='word_1_176' title='bbox 983 3205 1164 3271; x_wconf 86' lang='lat' dir='ltr'>abdicasset</span> 
     </span>
     <span class='ocr_line' id='line_1_56' title="bbox 984 3307 1206 3373; baseline -0.009 0"><span class='ocrx_word' id='word_1_177' title='bbox 984 3307 1206 3373; x_wconf 85' lang='lat' dir='ltr'>celebrabatur</span> 
     </span>
     <span class='ocr_line' id='line_1_57' title="bbox 985 3409 1187 3475; baseline 0 -1"><span class='ocrx_word' id='word_1_178' title='bbox 985 3409 1187 3475; x_wconf 88' lang='lat' dir='ltr'>sustinebunt</span> 
     </span>
     <span class='ocr_line' id='line_1_58' title="bbox 986 3511 1120 3576; baseline -0.015 0"><span class='ocrx_word' id='word_1_179' title='bbox 986 3511 1120 3576; x_wconf 89' lang='lat' dir='ltr'>relatum</span> 
     </span>
     <span class='ocr_line' id='line_1_59' title="bbox 984 3624 1264 3704; baseline -0.004 -25"><span class='ocrx_word' id='word_1_180' title='bbox 984 3624 1150 3698; x_wconf 87' lang='lat' dir='ltr'>supererat</span> <span class='ocrx_word' id='word_1_181' title='bbox 1263 3699 1264 3704; x_wconf 8' lang='grc' dir='ltr'>ἵ</span> 
     </span>
     <span class='ocr_line' id='line_1_60' title="bbox 985 3725 1105 3780; baseline 0.017 -2"><span class='ocrx_word' id='word_1_182' title='bbox 985 3725 1105 3780; x_wconf 89' lang='lat' dir='ltr'>starent</span> 
     </span>
     <span class='ocr_line' id='line_1_61' title="bbox 987 3839 1174 3904; baseline -0.005 -22"><span class='ocrx_word' id='word_1_183' title='bbox 987 3839 1174 3904; x_wconf 85' lang='lat' dir='ltr'>oppugnare</span> 
     </span>
     <span class='ocr_line' id='line_1_62' title="bbox 987 3931 1128 3985; baseline 0.007 -2"><span class='ocrx_word' id='word_1_184' title='bbox 987 3941 1074 3985; x_wconf 89' lang='lat' dir='ltr'>eram</span> <span class='ocrx_word' id='word_1_185' title='bbox 1096 3931 1128 3984; x_wconf 89' lang='lat' dir='ltr'>et</span> 
     </span>
     <span class='ocr_line' id='line_1_63' title="bbox 986 4021 1154 4107; baseline 0.006 -23"><span class='ocrx_word' id='word_1_186' title='bbox 986 4021 1154 4107; x_wconf 90' lang='lat' dir='ltr'>reliquisse</span> 
     </span>
    </p>
   </div>
   <div class='ocr_carea' id='block_1_20' title="bbox 343 4158 1219 4451">
    <p class='ocr_par' dir='ltr' id='par_1_32' title="bbox 343 4158 1219 4451">
     <span class='ocr_line' id='line_1_64' title="bbox 540 4158 1219 4244; baseline 0 -22"><span class='ocrx_word' id='word_1_187' title='bbox 540 4161 575 4244; x_wconf 88' lang='lat'>4)</span> <span class='ocrx_word' id='word_1_188' title='bbox 598 4159 733 4223; x_wconf 86' lang='lat' dir='ltr'>Errores</span> <span class='ocrx_word' id='word_1_189' title='bbox 753 4158 995 4225; x_wconf 87' lang='lat' dir='ltr'>recensionibus</span> <span class='ocrx_word' id='word_1_190' title='bbox 1018 4181 1219 4224; x_wconf 88' lang='lat' dir='ltr'>communes:</span> 
     </span>
     <span class='ocr_line' id='line_1_65' title="bbox 343 4261 1176 4348; baseline -0.001 -23"><span class='ocrx_word' id='word_1_191' title='bbox 343 4262 374 4344; x_wconf 88' lang='lat'>4,</span> <span class='ocrx_word' id='word_1_192' title='bbox 396 4263 447 4343; x_wconf 90' lang='grc'>54,</span> <span class='ocrx_word' id='word_1_193' title='bbox 469 4264 503 4327; x_wconf 84' lang='lat'>9:</span> <span class='ocrx_word' id='word_1_194' title='bbox 528 4261 690 4344; x_wconf 88' lang='lat' dir='ltr'>„dicerent</span> <span class='ocrx_word' id='word_1_195' title='bbox 711 4267 773 4344; x_wconf 84' lang='lat' dir='ltr'>et“,</span> <span class='ocrx_word' id='word_1_196' title='bbox 878 4284 953 4348; x_wconf 89' lang='lat' dir='ltr'>pro:</span> <span class='ocrx_word' id='word_1_197' title='bbox 977 4261 1104 4338; x_wconf 88' lang='lat' dir='ltr'>„dicere</span> <span class='ocrx_word' id='word_1_198' title='bbox 1126 4266 1176 4325; x_wconf 83' lang='lat' dir='ltr'>et“</span> 
     </span>
     <span class='ocr_line' id='line_1_66' title="bbox 343 4362 1175 4451; baseline 0.005 -21"><span class='ocrx_word' id='word_1_199' title='bbox 343 4364 373 4446; x_wconf 92' lang='grc'>5,</span> <span class='ocrx_word' id='word_1_200' title='bbox 396 4365 448 4445; x_wconf 89' lang='grc'>41,</span> <span class='ocrx_word' id='word_1_201' title='bbox 471 4365 505 4428; x_wconf 82' lang='lat'>6:</span> <span class='ocrx_word' id='word_1_202' title='bbox 529 4364 734 4446; x_wconf 84' lang='lat' dir='ltr'>„rediebant“</span> <span class='ocrx_word' id='word_1_203' title='bbox 877 4387 953 4451; x_wconf 91' lang='lat' dir='ltr'>pro:</span> <span class='ocrx_word' id='word_1_204' title='bbox 977 4362 1175 4448; x_wconf 83' lang='lat' dir='ltr'>„redibant“.</span> 
     </span>
    </p>
   </div>
   <div class='ocr_carea' id='block_1_21' title="bbox 0 0 1618 5030">
    <p class='ocr_par' dir='ltr' id='par_1_33' title="bbox 0 0 1618 5030">
     <span class='ocr_line' id='line_1_67' title="bbox 0 0 1618 5030; baseline 0 0"><span class='ocrx_word' id='word_1_205' title='bbox 0 0 1618 5030; x_wconf 95' lang='lat' dir='ltr'> </span> 
     </span>
    </p>
   </div>
  </div>
 </body>
</html>
