3200 5030
854 285 895 347 34

289 490 468 558 offenderet
488 491 523 554 in
544 489 663 554 omisso
684 486 875 574 pronomine
898 483 1013 568 ,mihi“
1040 483 1140 550 verba
1163 483 1296 567 „milites
1317 487 1463 570 geritis“

290 593 429 681 conjecit
438 594 476 679 ¹),
502 590 682 677 Leydensis
711 587 860 674 neglecta
884 586 991 652 littera
1021 599 1075 670 ,s‘t
1104 588 1138 650 iu
1168 586 1358 653 minusculis
1395 604 1462 672 ,θα

290 695 455 762 simillima
486 693 649 760 aberravit
678 693 713 756 in
742 691 840 774 ,mihi
864 689 1077 775 tetegeritis“,
1103 689 1268 752 Parisinus
1296 689 1462 776 deceptus

289 798 451 864 similibus
476 796 591 862 litteris
623 794 672 878 ,f“
701 804 734 859 et
756 800 809 877 ,s“
841 793 970 879 scripsit
1000 790 1096 875 ,mihi
1117 790 1314 874 effeceritis“,
1339 793 1461 858 arche-

288 909 390 987 typou
414 900 610 964 deteriorum
631 896 782 962 codicum
803 897 996 980 conjectura,
1017 915 1100 979 quae
1121 895 1309 980 pronomine
1333 896 1459 979 „mihi“

289 1005 325 1070 in
344 1025 443 1070 versu
457 1000 590 1088 quidem
604 998 783 1081 deficiente,
805 997 863 1064 sed
876 999 910 1060 in
923 996 1067 1082 margine
1081 996 1243 1081 adscripto
1258 997 1343 1079 (eid.
1358 1004 1459 1082 sup.)

289 1103 468 1192 probabilis
488 1113 547 1186 est,
569 1102 656 1166 idem
680 1100 779 1186 ,mihi
800 1099 989 1164 effeceritis“
1011 1099 1142 1164 invenit.

375 1208 469 1289 Quae
490 1227 565 1270 cum
585 1205 631 1268 ita
645 1204 719 1285 sint,
741 1224 814 1266 cum
828 1201 1025 1287 primitivam
1039 1200 1231 1266 recensionis
1245 1200 1459 1270 Victorianae

290 1309 462 1376 lectionem
490 1304 652 1394 probabili
674 1308 798 1371 ratione
822 1302 929 1390 ,quod
950 1324 1019 1384 vos,
1045 1301 1172 1385 milites,
1192 1301 1271 1366 mihi
1290 1303 1455 1370 feceritis“

290 1412 390 1478 fuisse
412 1409 601 1491 viderimus,
619 1411 688 1496 jam
711 1406 956 1494 ponderandum
978 1414 1036 1486 est,
1057 1415 1165 1468 utrum
1184 1403 1391 1472 victorianae
1411 1430 1458 1473 an

292 1513 489 1580 Veronensis
510 1511 683 1576 verborum
699 1510 844 1575 ordinem
861 1507 968 1594 ,quod
982 1528 1042 1572 vos
1057 1506 1136 1570 mihi
1148 1506 1298 1591 feceritis,
1311 1509 1454 1576 milites“

290 1638 350 1702 pro
372 1636 449 1680 vero
471 1612 659 1678 habeamus.
702 1615 753 1676 Ac
775 1620 871 1692 certe,
893 1631 968 1674 cum
989 1610 1081 1674 vocis
1103 1608 1257 1692 ,milites“
1281 1609 1456 1678 collocatio

289 1719 325 1782 in
345 1715 526 1780 Veronensi
546 1712 610 1778 alia
629 1721 727 1800 atque
748 1714 783 1777 in
804 1712 1007 1778 antecedenti
1026 1711 1230 1798 paragrapho
1251 1715 1293 1779 sit
1312 1712 1455 1801 ideoque

289 1819 440 1906 repetitio
466 1819 538 1882 eius
565 1817 698 1881 minime
726 1816 862 1881 molesta
889 1815 1045 1893 videatur,
1070 1815 1139 1879 eius
1169 1812 1340 1882 lectionem
1359 1839 1455 1902 prae·

290 1923 441 2004 feremus,
463 1942 560 2006 quam
572 1920 778 1985 Victorianus
792 1917 845 1984 vel
859 1916 1048 1982 Nicomachi
1062 1917 1231 2002 proximae
1245 1919 1454 2005 paragrapho

290 2024 575 2088 accommodarunt
603 2022 664 2107 (ef.
691 2023 737 2086 ad
756 2023 788 2103 4,
814 2021 867 2103 24,
888 2021 908 2084 6
930 2042 1015 2105 pap.
1037 2020 1077 2083 37
1100 2041 1184 2106 seqq.
1185 2025 1212 2102 ).
1254 2021 1453 2118 Exemplum

291 2134 400 2190 autem
429 2125 527 2210 positi
554 2125 588 2186 in
617 2124 681 2188 fine
709 2123 936 2188 enuntiationis
962 2123 1106 2186 vocativi
1132 2124 1239 2186 locum
1268 2146 1368 2210 supra
1395 2148 1454 2190 ex·

291 2227 449 2312 scriptum
470 2225 585 2289 afferre
606 2244 739 2309 possum
761 2227 791 2306 3,
812 2225 864 2305 67,
885 2227 916 2289 5.

376 2327 451 2391 Jam
480 2336 631 2392 revocato
659 2327 692 2389 in
720 2327 908 2391 memoriam
928 2326 1001 2390 loco
1022 2329 1053 2407 4,
1081 2328 1127 2410 13,
1149 2328 1179 2407 5,
1205 2326 1246 2391 de
1267 2350 1330 2414 quo
1351 2351 1453 2415 supra

291 2437 389 2514 (puy.
410 2430 453 2494 29
468 2433 550 2516 seq.)
574 2431 743 2493 occasione
765 2428 873 2493 ohlata
893 2429 1039 2514 exposui,
1060 2428 1287 2514 aggrediamur
1306 2430 1349 2494 ad
1369 2430 1453 2496 ahos

290 2540 366 2614 tres,
387 2531 444 2597 ubi
466 2531 506 2596 de
529 2530 648 2619 objecti
670 2529 878 2596 collocatione
899 2531 1060 2615 agendum
1081 2534 1151 2598 erit

375 2633 414 2698 In
435 2635 540 2719 primo
563 2633 798 2720 discrepantiae
819 2634 969 2719 exemplo
989 2635 1020 2715 3,
1037 2634 1123 2717 13,3
1143 2633 1330 2718 Wodrigius
1350 2635 1450 2699 Vero-

291 2737 398 2803 nensis
424 2735 594 2802 lectionem
625 2757 704 2822 ,nec
732 2735 795 2800 sibi
820 2736 939 2822 exequi
959 2758 1028 2800 rem
1049 2745 1115 2800 tam
1137 2746 1279 2800 atrocem
1298 2759 1356 2822 per
1375 2759 1450 2801 con-

282 2825 377 2904 ¹sules
399 2840 603 2924 superiorum
624 2860 781 2904 annorum
802 2835 947 2902 licuisse“
972 2838 1176 2903 Victorianae
1200 2860 1277 2922 ,nec
1299 2838 1363 2904 sihi
1382 2861 1449 2904 rem

292 2941 411 3026 exequi
438 2948 505 3004 tam
530 2948 673 3004 atrocem
695 2944 775 3006 etc.“
798 2941 873 3025 jure
893 2941 1089 3027 praeposuit,
1116 2941 1203 3027 quod
1224 2942 1449 3006 enuntiativis

294 3045 329 3107 in
349 3043 482 3107 notione
506 3042 661 3127 ,exequi“
686 3049 832 3106 versetur
852 3063 953 3128 eaque
975 3042 1016 3107 de
1038 3063 1137 3106 causa
1157 3044 1192 3106 in
1212 3044 1360 3129 principe
1380 3041 1449 3109 loco

292 3168 364 3211 eam
385 3143 533 3210 collocari
554 3165 694 3231 aequum
716 3144 758 3207 sit
787 3142 849 3228 (ef.
871 3145 1024 3209 Kuhaast
1044 3145 1066 3209 l.
1088 3146 1120 3209 d.
1140 3169 1222 3232 pap.
1246 3147 1309 3211 314
1339 3147 1379 3210 de
1400 3147 1448 3210 oh-

284 3251 367 3334 jecti
384 3249 576 3334 positione).

375 3350 486 3416 Altero
513 3350 585 3416 loco
612 3352 642 3433 3,
665 3350 716 3431 61,
743 3351 762 3413 7
792 3334 923 3413 exhibet
943 3348 1133 3413 Victoriana
1161 3349 1260 3432 ,haec
1286 3347 1343 3413 ubi
1368 3350 1450 3414 inter

292 3453 385 3536 signa
405 3453 550 3537 peditum
572 3453 660 3516 dicta
680 3450 799 3531 dedit“,
821 3451 939 3515 Veron.
965 3451 1063 3535 ,haec
1083 3451 1141 3516 ubi
1157 3452 1240 3516 inter
1254 3453 1349 3536 signa
1361 3451 1449 3536 pedi-

291 3565 361 3620 tum
382 3554 471 3619 dedit
492 3555 608 3636 dicta“,
630 3554 664 3615 in
680 3573 743 3638 qua
756 3554 980 3617 recessionum
995 3553 1211 3638 discrepantia
1225 3553 1446 3640 exponendum

291 3665 340 3722 est
361 3655 401 3721 de
424 3655 552 3721 dicendi
573 3653 711 3718 formula
731 3677 752 3719 a
768 3665 938 3740 poetarum
953 3655 1117 3741 epicorum
1131 3655 1274 3720 maxime
1287 3678 1348 3720 usu
1359 3676 1446 3740 repe-

290 3757 350 3822 tita
364 3756 425 3842 (cf.
447 3757 577 3822 Weisab.
593 3758 641 3826 ed.
663 3758 806 3842 Weidm,
819 3759 958 3822 Nachtr.
973 3761 1045 3823 und
1058 3758 1260 3844 Berichtiqp.
1270 3782 1352 3844 puy.
1369 3757 1447 3840 405)

294 3859 401 3943 ,dicta
427 3860 522 3925 dare“
553 3882 612 3945 pro
640 3859 780 3946 simplici
806 3859 923 3941 verbo,
951 3859 1038 3947 quod
1065 3869 1115 3926 est
1143 3860 1300 3945 ,dicere“.
1344 3862 1447 3942 Quam

291 3963 379 4049 apud
405 3961 534 4027 Livium
564 3971 693 4047 praeter
722 3963 807 4026 hunc
834 3960 943 4026 locum
970 3972 1020 4028 ter
1046 3964 1227 4028 invenimus
1255 3965 1284 4047 7,
1311 3965 1363 4044 33,
1395 3965 1447 4045 113

291 4065 343 4146 22,
365 4066 416 4147 50,
442 4066 497 4147 103
520 4064 571 4145 29,
594 4064 625 4144 2,
649 4067 687 4127 12
709 4065 812 4130 ethis
835 4064 865 4146 7,
886 4065 938 4145 33,
964 4067 1001 4128 11
1024 4074 1121 4151 atque
1135 4065 1187 4148 29,
1201 4067 1231 4148 2,
1250 4067 1288 4130 12
1310 4064 1446 4150 legimus

366 4209 390 4276 ¹)
410 4227 442 4260 ex
468 4211 616 4276 duplicibus
642 4211 698 4276 ejus
716 4211 882 4275 lectionibus,
909 4226 977 4276 quae
997 4210 1102 4276 quidem
1120 4212 1149 4260 in
1169 4211 1293 4262 derivatis
1312 4211 1446 4262 codicibus

291 4301 380 4364 (Med.
400 4307 424 4351 et
449 4301 558 4365 Worm.)
577 4318 658 4368 prave
683 4319 742 4352 cum
760 4302 899 4368 primitivis
917 4302 1015 4354 mixtae
1035 4307 1104 4366 sunt,
1127 4309 1247 4369 apparet,
1266 4302 1339 4353 haud
1356 4302 1446 4352 rudem

400 4392 452 4442 'sse
470 4394 583 4460 ideoque
603 4393 782 4458 conjecturam
801 4395 835 4445 ab
855 4410 887 4445 eo
907 4410 962 4445 non
981 4393 1128 4444 abhorrere.

1564 4525 1569 4546 r,

1567 4557 1569 4569 l

1067 4985 1113 4991 ..-
1140 4981 1451 4992 -..-⁴—-——-.--..
1461 4610 1570 4998 „qd
