3200 5030
807 336 845 400 16

243 559 315 603 rum
336 536 436 601 altera
457 535 564 600 adres
587 537 621 598 in
641 535 711 600 foro
725 544 843 622 gestas,
867 534 967 600 altera
981 536 1023 600 ad
1038 556 1085 618 ea,
1108 557 1191 622 quae
1205 557 1314 601 coram
1330 538 1403 624 ipso

243 640 353 726 Appio
375 648 524 724 aguntur,
544 637 694 723 pertinet,
716 647 813 725 atque
828 637 994 704 evidenter
1008 639 1123 703 incisio
1144 639 1287 726 perfecto
1312 661 1404 725 „per-

243 751 376 809 ventum
398 751 465 805 00111
490 745 536 823 (5.
551 740 583 821 9,
606 740 648 825 cf.
671 743 810 807 notaio
832 751 934 806 antec.
945 745 1099 827 popina)
1123 741 1332 827 significatur.
1362 743 1403 806 In

244 846 352 931 priore
374 843 474 925 igitur
494 852 596 928 parte,
618 841 676 907 ubi
690 841 856 930 complura
870 844 1053 930 praesentia
1067 844 1219 909 historica
1241 843 1303 927 (fit,
1325 867 1402 909 eou-

244 947 347 1029 oiliat,
369 949 434 1027 uit)
456 945 661 1009 inveniuntur
682 953 714 1011 et
735 943 850 1010 alacris
872 955 968 1032 atque
990 947 1112 1031 agitata
1138 945 1314 1032 descriptio
1336 946 1402 1011 effi-

158 1099 163 1108 .
245 1051 298 1131 cit,
321 1056 357 1112 ut
378 1070 429 1112 res
451 1057 525 1112 ante
547 1047 722 1132 legentium
745 1045 853 1112 0001οο
875 1049 979 1113 denuo
1002 1047 1072 1112 fieri
1092 1047 1272 1131 videantur,
1293 1049 1403 1114 rectis-

245 1152 324 1215 sime
352 1150 572 1215 Mommsenus
601 1159 764 1236 praestare
791 1150 919 1215 censuit
945 1150 1066 1215 formas
1096 1150 1224 1234 „inicit“
1248 1159 1281 1216 et
1303 1152 1403 1234 „cele-

244 1252 386 1318 bratur“.
421 1251 518 1333 Quod
540 1250 732 1317 adverbum
756 1251 976 1334 „celebratur“
998 1255 1121 1335 attinet,
1144 1253 1294 1338 equidem
1309 1251 1402 1319 valde

245 1355 401 1442 suspicor,
413 1355 609 1420 Veronensis
621 1354 769 1418 mendam
784 1353 1032 1437 ‚,celebratum“‚
1049 1376 1122 1419 eum
1135 1355 1230 1420 etiam
1246 1357 1280 1418 in
1293 1377 1402 1421 recen-

245 1458 344 1522 sionis
368 1457 571 1521 Victorianae
600 1456 776 1540 archetypo
805 1468 1017 1542 compareret,
1044 1459 1182 1523 movisse
1206 1467 1401 1524 correctores

245 1559 326 1642 illos,
355 1561 445 1624 utin
469 1557 731 1641 ,‚celebrabatur“
760 1558 846 1638 haud
874 1559 1010 1624 feliciter
1030 1568 1200 1641 mutarent,
1222 1559 1402 1646 Leydensis

245 1673 356 1728 contra
378 1661 570 1746 scripturam
592 1659 811 1741 ,0010100100α
835 1682 941 1727 errore
963 1685 1005 1726 ex
1019 1662 1122 1728 forma
1138 1659 1400 1744 „celebrabatur“

245 1786 315 1830 0000
337 1772 449 1844 ortam,
472 1763 555 1827 sicut
576 1762 915 1844 tauromenitani
937 1785 1040 1850 aeque
1063 1786 1101 1828 ac
1122 1764 1318 1830 Veronensis
1340 1786 1400 1852 pro

247 1862 512 1950 „improbabant“
536 1864 667 1930 exhibet
690 1866 923 1950 ,‚improbant“.

330 1969 472 2049 Quartus
500 1966 591 2031 10000
618 1976 667 2032 001
695 1969 724 2050 4,
748 1969 840 2050 23,3
868 1968 1056 2052 [„placuit“
1085 1970 1173 2052 Vera
1202 1970 1332 2054 „placet
1353 1976 1402 2035 at“

252 2070 390 2156 Vict.]¹),
419 2091 483 2156 quo
506 2072 577 2156 jam
599 2070 743 2134 Muretus
773 2069 917 2154 ,010001ίι
942 2069 1060 2134 omissa
1082 2071 1306 2137 coniunctione
1331 2077 1399 2155 „et“

246 2171 344 2237 scribi
365 2171 467 2253 iussit,
489 2171 708 2236 Mommsenus
729 2171 815 2237 nulla
838 2193 934 2236 causa
956 2171 1051 2237 allata
1072 2172 1268 2238 Veronensis
1294 2173 1402 2239 lectio-

246 2296 321 2338 nem
345 2272 503 2358 „placuit“
526 2271 689 2337 meliorem
711 2295 781 2338 esse
804 2273 976 2339 existimat.
1020 2277 1127 2355 Quare
1149 2275 1325 2342 videndum
1345 2285 1403 2360 001,

246 2398 333 2439 num·
347 2375 439 2457 ratio,
462 2397 519 2439 cur
533 2375 709 2460 perfeetum
727 2385 854 2461 tempus
869 2375 1053 2462 probemus,
1076 2377 1222 2443 hocloco
1238 2388 1403 2465 appareat,

246 2477 435 2564 praesertim
464 2497 536 2540 oum
564 2478 785 2563 compluribus
813 2481 991 2564 praesentis
1021 2479 1142 2563 formis,
1170 2502 1252 2566 quae
1278 2491 1403 2546 antece·

247 2579 507 2663 (1001(1000010,
529 2579 638 2660 edurat,
657 2580 865 2663 profitentur.
888 2581 1092 2663 dissimulat)
1114 2581 1207 2647 facile
1227 2583 1296 2648 fieri
1311 2591 1404 2669 potu·

248 2683 316 2765 erit,
338 2690 375 2746 ut
389 2681 577 2746 Nicomachi
591 2681 643 2745 vel
654 2682 860 2747 Victorianus
874 2682 917 2747 ad
930 2682 1207 2769 interpolationem
1221 2684 1404 2752 laberentur

249 2785 310 2870 (cf.
334 2785 379 2849 ud
399 2785 430 2866 4,
445 2784 531 2866 24,6
553 2807 636 2870 paq.
660 2785 700 2849 37
716 2789 828 2870 sequ).
873 2787 922 2849 Ao
947 2807 1059 2851 revera
1084 2789 1265 2873 praesentia
1286 2786 1341 2852 illa
1361 2786 1403 2851 ad

247 2886 343 2950 aliam
365 2908 432 2949 rem
453 2894 609 2970 spectant,
631 2893 727 2970 atque
742 2886 927 2970 perfectum,
951 2887 1037 2974 quod
1052 2897 1100 2953 est
1116 2889 1287 2974 „placuit“.
1321 2888 1404 2954 Nam

248 3009 322 3052 cum
349 2988 383 3050 in
409 2987 672 3053 antecedentibus
693 2989 903 3074 paragraphis
924 2989 1036 3054 Livius
1059 3013 1097 3055 aa
1118 2991 1244 3074 referat,
1267 2990 1404 3076 quaein

247 3089 481 3175 investigandis
510 3089 675 3154 consulum
701 3113 730 3154 a.
752 3091 816 3155 434
844 3093 1028 3157 nominibus
1055 3093 1142 3178 apud
1164 3094 1335 3178 scriptores
1357 3095 1404 3157 in-

247 3194 372 3259 venerit
397 3200 437 3274 et,
468 3191 556 3276 quod
585 3191 718 3279 quilibet
747 3193 859 3258 eadem
886 3193 992 3280 legere
1014 3195 1124 3281 possit,
1147 3204 1291 3280 tempore
1313 3218 1404 3282 prae-

249 3297 331 3360 senti
358 3304 477 3376 utatur‚
498 3295 670 3359 enuntiatis
700 3295 844 3379 „Licinio
868 3335 907 3344 -
929 3295 1070 3383 placuit“
1098 3306 1195 3384 atque
1219 3297 1297 3381 „sed
1318 3299 1402 3362 inter

250 3436 289 3448 —
312 3399 472 3484 positum“
491 3396 652 3484 judicium
674 3419 768 3462 suum
791 3398 932 3464 ostendit
952 3398 1090 3485 ideoque
1111 3399 1199 3465 aliud
1221 3408 1349 3487 tempus
1370 3401 1403 3463 in

249 3501 295 3564 eis
318 3500 467 3584 usurpari
488 3498 575 3563 haud
596 3500 742 3584 iniquum
764 3501 891 3566 videtur
914 3502 973 3587 (cf.
994 3503 1139 3588 Wodrt'y.
1169 3502 1214 3566 od
1239 3503 1269 3584 3,
1292 3502 1341 3584 63,
1362 3503 1401 3582 4,·

245 3611 419 3687 praeterea
442 3602 470 3681 7,
486 3601 516 3683 9,
530 3602 633 3684 4-6,·
655 3601 684 3684 9,
700 3603 751 3683 46,
767 3604 880 3685 2-4).

334 3702 461 3784 Quibus
483 3713 606 3787 septem
628 3702 716 3785 locis,
747 3726 828 3790 quos
849 3705 1068 3770 Mommsenus
1096 3713 1192 3790 atque
1214 3705 1404 3792 Wodrigius

248 3807 432 3891 attigerunt,
455 3813 519 3869 tres
540 3804 619 3870 alios
641 3805 801 3894 adjungo:

334 3907 580 3992 Discrepantiae
606 3907 792 3994 exemplum
817 3906 846 3990 5,
867 3908 937 3991 7,9
963 3909 1071 3988 [Vens
1094 3910 1276 3992 ‚,conicit“;
1307 3911 1405 3975 Vict.:

248 4013 443 4095 ‚‚coajecit“]
465 4008 528 4074 tale
550 4017 608 4092 est,
630 4019 666 4074 ut
686 4009 739 4075 vel
759 4011 902 4076 maxime
924 4012 996 4096 quis
1017 4009 1059 4076 ad
1082 4013 1275 4097 scripturam
1296 4033 1407 4077 recen-

249 4113 347 4177 sionis
369 4113 574 4178 Victorianae
595 4110 749 4178 inclinare
771 4113 883 4198 possit.
914 4111 998 4177 Nam
1020 4133 1182 4198 praesens,
1206 4113 1292 4200 quod
1307 4115 1408 4180 Vero-

325 4258 348 4326 ¹)
367 4261 396 4310 in
415 4275 467 4325 qua
484 4259 643 4310 vocabulum
665 4257 722 4324 „et“
743 4276 798 4311 non
818 4260 851 4311 ab
870 4259 934 4325 ipsis
952 4259 1011 4311 Nic.
1030 4259 1074 4309 vel
1092 4259 1160 4310 Vict.
1180 4258 1337 4325 profectum,
1358 4259 1408 4310 sed

249 4351 277 4400 in
297 4351 440 4416 exemplari
457 4351 503 4402 illo
524 4351 641 4402 derivato
661 4355 752 4402 natum
772 4368 830 4402 esse
848 4349 988 4402 verisimile
1009 4355 1057 4402 est.
