3200 5030
725 351 746 414 5

658 439 809 448 -n-——u

155 558 251 622 eadat
276 575 407 620 necesse
435 551 505 617 est?
547 551 678 623 Etenim
707 553 735 616 si
755 551 907 618 librarius
928 551 1017 615 rudis
1039 560 1137 638 atque
1158 552 1320 618 inconsul-

155 669 215 741 tus,
244 681 339 744 quem
366 679 408 721 ne
439 654 582 740 singulas
611 656 742 742 quidem
774 676 870 720 voces
902 661 989 719 recte
1020 653 1137 739 legisse
1170 665 1316 742 apparet,

154 761 196 826 ad
217 761 384 828 arbitrium
415 765 583 845 mutasset,
612 758 747 822 mirifico
771 779 849 822 casu
869 757 989 821 factum
1012 756 1104 841 foret,
1126 767 1161 822 ut
1183 759 1318 846 scriptu-

153 885 223 927 ram
250 862 388 948 probam
418 861 555 946 usuique
576 859 713 925 Liviano
737 858 865 924 dicendi
887 880 1019 944 prorsus
1041 860 1318 925 accommodatam

155 965 372 1031 substitueret.
416 960 469 1026 Ab
499 959 599 1028 altera
628 970 720 1048 parte
746 960 826 1027 nihil
847 959 1052 1026 verisimilius
1074 972 1132 1046 est,
1165 983 1261 1048 quam
1283 965 1318 1028 in

154 1065 354 1131 emendando
381 1074 532 1150 corrupto
560 1065 701 1129 maxime
728 1063 905 1151 exemplari
926 1065 1148 1129 Victorianum
1171 1075 1203 1130 et
1224 1064 1319 1129 Nico-

154 1168 284 1232 machos
311 1167 408 1231 nimis
435 1169 469 1230 in
496 1165 615 1231 tradita
642 1165 744 1230 verba
770 1166 964 1252 suspiciosos
993 1167 1089 1232 etiam
1115 1176 1238 1232 rectam
1260 1167 1318 1232 sed

155 1272 260 1336 minus
289 1271 440 1354 usitatam
469 1268 754 1334 conformationem
784 1269 947 1354 expulisse
975 1280 1071 1356 atque
1101 1271 1146 1333 ita
1166 1270 1201 1333 in
1221 1270 1319 1336 inter-

153 1372 285 1460 polandi
314 1373 428 1438 vitium
456 1371 609 1436 incidisse
640 1371 701 1458 (cf.
733 1372 779 1436 ad
799 1373 830 1454 4,
857 1373 905 1454 17,
928 1374 947 1437 9
964 1397 1050 1460 pap.
1072 1373 1092 1437 8
1115 1377 1206 1458 sep).
1252 1370 1319 1437 Sed

154 1476 233 1541 haec
257 1474 387 1560 quidem
408 1472 571 1543 hactenus,

237 1576 312 1642 Jam
334 1585 371 1641 ut
391 1573 433 1639 ad
455 1575 590 1640 alterum
612 1574 901 1663 discrepantiarum
923 1599 1034 1662 genus,
1057 1577 1099 1641 ad
1115 1575 1234 1640 formas
1248 1598 1319 1641 ver-

155 1679 253 1762 bales‚
275 1676 457 1763 aggrediar,
480 1678 510 1740 ei
531 1675 593 1742 loci
614 1678 841 1763 praemittendi
854 1677 1014 1762 videntur,
1034 1681 1068 1743 in
1083 1677 1201 1765 quibus
1216 1679 1318 1744 codex

153 1780 350 1846 Veronensis
372 1788 483 1864 aperte
504 1778 586 1843 falsa
607 1781 756 1866 praebet:

159 1921 192 2008 1)
215 1919 350 1983 Errores
379 1919 440 1982 orti
464 1917 581 1983 litteris
604 1931 664 2002 „n“
689 1927 721 1984 et
742 1924 813 2001 „m“
841 1939 941 2002 prave
963 1917 1081 1983 additis
1102 1918 1155 1985 vel
1176 1921 1319 1986 omissis:

370 2038 580 2106 Veronensis:
935 2037 1137 2104 Victoriana:

242 2140 272 2220 3,
298 2139 347 2221 12,
370 2139 406 2204 6:
428 2139 526 2204 malet
579 2219 586 2238 Χ
842 2137 974 2204 mallent

241 2242 271 2324 3,
294 2242 345 2325 21,
367 2241 401 2306 2:
422 2241 506 2306 ferre
841 2241 962 2306 ferrent

242 2345 272 2428 3,
294 2344 345 2427 29,
367 2345 405 2412 8:
428 2344 540 2410 aberat
843 2344 977 2410 aberant

241 2449 271 2529 3,
296 2447 347 2529 30,
369 2449 404 2512 4:
426 2445 702 2533 vincebanturque
843 2447 1095 2533 vincebaturque

240 2551 271 2631 3,
294 2551 345 2633 30,
367 2550 404 2613 4:
426 2548 579 2612 elusesset
842 2548 921 2612 elusi
943 2559 1051 2613 essent

240 2652 271 2733 3,
293 2652 345 2734 35,
367 2652 402 2714 2:
424 2659 572 2736 paterent
843 2659 968 2734 pateret

242 2752 272 2833 3,
293 2752 344 2832 38,
366 2753 401 2816 4:
424 2772 505 2836 opus
527 2751 591 2814 sint
843 2771 924 2836 opus
946 2752 988 2816 sit

241 2853 271 2937 3,
295 2853 346 2936 67,
369 2855 405 2918 2:
427 2854 526 2918 scisse
843 2853 975 2919 scissem

241 2957 271 3036 3,
294 2956 345 3038 68,
368 2955 386 3018 7
395 2979 402 3018 :
424 2966 660 3042 persequentur
842 2965 1055 3041 persequetur

240 3060 272 3140 4,
294 3059 323 3140 7,
346 3057 380 3121 9:
402 3057 581 3144 relinquere
842 3055 1000 3143 reliquere

241 3161 271 3242 5,
294 3161 323 3243 7,
348 3160 402 3224 12:
423 3159 587 3246 placerent
841 3158 971 3244 placere

241 3264 271 3344 5,
295 3263 346 3344 33,
367 3261 403 3325 4:
426 3272 575 3327 constant
748 3247 753 3258 ⁵
843 3271 971 3328 constat

228 3365 271 3446 6,
293 3365 345 3444 45,
368 3363 402 3427 7:
425 3363 625 3448 praefecerat
843 3364 1065 3450 praefecerant

240 3466 271 3549 5,
293 3466 345 3548 50,
367 3465 404 3531 3:
426 3475 533 3530 essent
841 3475 924 3531 esset

242 3568 271 3651 6,
295 3570 325 3652 6,
348 3568 382 3632 7:
404 3568 616 3634 concessisset
843 3567 1075 3632 concessissent
1126 3565 1130 3572 ’

242 3673 272 3756 6,
295 3673 326 3754 6,
348 3672 405 3736 14:
427 3670 618 3758 provideant
842 3669 1013 3754 provideat

242 3875 273 3955 3,
295 3875 347 3954 68,
369 3875 405 3937 l:
426 3875 560 3959 fungitis
841 3871 952 3956 fugitis

242 3978 273 4060 5,
294 3976 347 4058 45,
371 3979 403 4040 l:
425 3976 536 4040 funere
840 3974 930 4040 fuere

283 4113 421 4180 Accedit
441 4112 505 4178 alia
525 4115 615 4178 vocis
638 4113 838 4199 depravatio:

241 4227 272 4309 4,
294 4227 345 4309 58,
368 4227 405 4288 3ε
428 4224 622 4310 penderetur
842 4232 1004 4310 peteretur

241 4331 272 4412 5,
294 4327 346 4412 55,
369 4330 405 4392 1:
426 4325 569 4414 petiebat
841 4324 1023 4411 pertinebat
