3200 5030
658 362 807 461 J„

151 567 261 634 nensis
288 563 429 650 praebet,
460 562 563 628 solum
594 573 642 629 est
671 565 754 628 inter
778 565 930 650 perfecta,
953 584 1036 649 quae
1058 567 1093 628 in
1114 571 1182 629 tota
1203 565 1311 650 priore

153 669 267 755 capitis
294 677 386 753 parte
412 688 515 753 usquc
543 664 585 730 ad
611 665 850 753 paragraphum
876 667 1021 751 quintam
1043 663 1201 752 leguntur.
1246 665 1311 747 Qui

152 771 254 836 rarior
275 769 431 834 sermonis
449 755 577 832 Liviani
598 789 686 850 usus,
710 769 766 854 qui
788 789 851 832 uno
873 766 1015 832 alterove
1037 778 1146 832 tamen
1162 767 1311 854 exemplo

151 873 199 957 (3,
215 871 266 954 29,
283 870 301 934 7
325 877 517 956 ,‚pupnot“;
539 871 570 951 4,
589 871 638 952 18,
653 871 673 936 3
689 871 942 955 ‚‚proceduat“),
966 872 1203 955 comprobatur,
1226 868 1311 935 haud

151 974 250 1039 dubie
272 972 314 1038 ad
334 970 595 1058 interpolantium
610 971 826 1037 Nicomachos
848 971 1135 1037 velVictorianum
1157 971 1313 1058 compulit

153 1075 215 1162 (cf
227 1076 274 1140 ad
287 1076 318 1156 4,
335 1075 384 1156 17,
400 1077 421 1140 9
432 1096 515 1160 pop.
527 1074 575 1156 8).
609 1075 774 1160 Tempora
788 1095 864 1139 vero
879 1094 945 1138 non
959 1084 1079 1150 temere
1093 1075 1217 1139 variata
1232 1095 1312 1156 esse,

153 1176 253 1259 locus,
280 1177 320 1241 de
349 1197 412 1261 quo
435 1178 572 1262 agimus,
596 1176 715 1262 optime
738 1177 832 1242 docet
854 1197 927 1240 cum
949 1174 1111 1241 nonnullis
1133 1175 1204 1241 aliis
1227 1199 1312 1241 com-

154 1288 295 1366 paratus.
322 1277 504 1343 Perfectum
527 1278 624 1361 enim,
647 1281 675 1343 si
698 1300 772 1343 cum
793 1280 956 1364 praesenti
977 1287 1121 1364 tempore
1143 1279 1177 1342 in
1199 1278 1312 1343 eadem

106 1421 110 1429 ι
153 1381 288 1469 periodo
304 1367 511 1444 coniunctum
528 1388 585 1463 est,
606 1381 640 1444 in
656 1402 693 1446 eo
709 1379 854 1445 membro
877 1381 1018 1466 ponitur,
1040 1381 1076 1444 in
1097 1403 1161 1468 quo
1183 1384 1313 1468 gravior

153 1485 239 1550 actio
261 1485 355 1564 inest,
377 1503 449 1546 cum
471 1481 570 1547 verbo
592 1484 769 1566 praesentis
791 1482 895 1546 forma
916 1490 1071 1568 usurpato
1094 1505 1150 1548 cae
1179 1504 1230 1548 res
1258 1505 1314 1546 ex-

155 1587 346 1672 primantur,
370 1606 451 1670 quae
472 1583 518 1648 illi
539 1583 731 1670 praeoedere
753 1583 892 1651 debeant
913 1605 1061 1671 quaeque
1083 1585 1125 1649 ad
1147 1583 1314 1670 perficien-

45 1765 46 1768 ,
155 1687 233 1752 dam
255 1686 340 1750 illam
362 1687 489 1752 valeant
511 1687 571 1772 (cf.
593 1688 624 1769 2,
640 1687 726 1769 26,6
748 1685 921 1768 „Ariciam
943 1688 1062 1773 infesto
1086 1687 1313 1773 speciositas,

155 1813 213 1854 aec
236 1789 356 1874 procul
384 1790 462 1854 iada
485 1812 558 1853 cum
580 1787 751 1854 Auruncis
772 1792 874 1876 sipara
895 1790 1015 1854 collato
1034 1789 1224 1875 proelioque
1246 1811 1313 1853 uno

155 1892 346 1957 debellatum
369 1897 435 1956 est“
443 1914 455 1974 ;
478 1893 508 1975 2,
523 1893 575 1974 46,
591 1891 631 1974 7,·
654 1894 684 1973 3,
700 1893 751 1976 63,
766 1893 807 1975 4,·
830 1894 860 1974 4,
877 1891 928 1975 57,
944 1892 964 1956 8
965 1895 992 1971 ).

242 1993 279 2058 si
300 1994 411 2075 6,1,9
433 2015 586 2080 praesens
607 2003 734 2080 tempus
757 1992 967 2076 „consulunt“
990 2015 1010 2056 a
1024 1991 1203 2057 Veronensi
1217 1989 1315 2056 tradi-

154 2103 225 2160 tum
240 2105 260 2174 [
263 2095 450 2161 Victoriana
464 2097 716 2179 „coasuluere“]
736 2094 958 2182 recipiendum
978 2094 1097 2176 iudico,
1120 2094 1153 2158 id
1174 2093 1314 2157 maxime

156 2219 272 2283 urgere
299 2196 406 2280 velim,
435 2198 521 2284 quod
550 2197 637 2262 nulla
669 2219 765 2263 caussa
793 2199 920 2279 existat,
951 2216 1033 2283 quae
1054 2196 1167 2261 rudem
1193 2195 1315 2260 codicis

156 2300 351 2364 Veronensis
384 2297 552 2364 librarium
583 2301 618 2364 in
649 2323 791 2366 errorem
824 2298 976 2363 inducere
1009 2298 1159 2385 potuerit.
1209 2298 1314 2361 Immo

154 2424 231 2468 vero
246 2424 320 2466 cum
336 2411 487 2488 quattuor
500 2399 589 2485 locis,
611 2402 667 2467 ubi
685 2405 719 2468 in
733 2402 829 2467 tertia
847 2399 979 2486 pluralis
1001 2421 1139 2485 persona
1160 2399 1315 2484 temporis

155 2503 291 2591 perfecti
320 2505 526 2569 recensiones
554 2503 747 2590 discrepant,
769 2503 966 2569 Veronensis
993 2501 1130 2566 formam
1159 2503 1192 2564 in
1221 2513 1315 2583 „ere“

156 2608 358 2672 terminatam
392 2606 528 2669 retineat
560 2607 621 2690 (cf.
648 2608 685 2687 5,
706 2605 785 2687 5,5
813 2629 896 2692 pop.
924 2606 961 2687 8,·
995 2605 1032 2687 4,
1057 2604 1087 2685 7,
1114 2604 1133 2668 8
1161 2625 1244 2689 pop.
1274 2604 1314 2685 9;

157 2709 188 2788 5,
211 2709 262 2789 33,
284 2709 323 2790 5,·
353 2709 383 2787 3,
397 2707 500 2788 ’57,9
532 2708 604 2772 uide
637 2707 840 2794 infraxpop.
862 2710 904 2774 26
930 2711 1022 2791 sep),
1054 2702 1211 2769 hocloco
1245 2724 1316 2768 eam

157 2817 316 2872 mutatam
338 2829 408 2872 esse
429 2808 485 2872 vix
508 2808 701 2874 credendum
724 2817 781 2873 est.
819 2810 870 2874 Ab
893 2808 994 2875 altera
1015 2817 1107 2894 parte
1129 2804 1223 2870 facile
1246 2805 1316 2872 fieri

156 2910 273 2996 potuit,
295 2920 331 2975 ut
352 2910 556 2975 Victorianus
577 2910 628 2976 vel
650 2911 841 2976 Nicomachi
862 2933 1016 2998 praesens
1041 2909 1250 2993 „consuluntss
1273 2908 1316 2973 ad

156 3012 310 3100 perfecta,
333 3034 414 3098 quae
436 3035 514 3077 mox
534 3013 684 3099 leguntur
707 3014 918 3097 ,‚iusserunt“,
943 3012 1079 3097 „edita“‚
1103 3016 1314 3098 „suppressa“

157 3116 243 3199 (scil.
259 3119 365 3196 aaut),
389 3117 601 3199 „agitarunt“,
619 3116 800 3198 „fecerunt“
817 3115 930 3180 leviter
945 3114 1188 3179 conformarent.
1220 3113 1317 3177 Prae-

158 3219 255 3282 sentis
283 3231 359 3282 vero
387 3218 491 3282 forma
517 3219 551 3281 in
575 3219 667 3282 initio
691 3217 807 3303 capitis
829 3217 921 3303 quasi
942 3215 1185 3280 fundamentum
1208 3236 1317 3278 narra·

158 3320 255 3384 tionis
287 3317 443 3382 collocata
474 3311 606 3383 minime
639 3341 659 3382 a
686 3318 775 3383 Livii
808 3318 1038 3384 consuetudine
1070 3315 1230 3398 abhorret,
1262 3315 1318 3400 qui

159 3421 289 3506 saepius
311 3439 350 3483 ea
372 3419 621 3485 conformatione
642 3421 743 3486 utitur
766 3422 825 3507 (cf.
850 3421 982 3503 3,15,1
1011 3417 1214 3502 „Accipiunt
1236 3419 1317 3484 civi·

158 3532 256 3587 tatem
278 3528 357 3586 etc.“
377 3523 408 3603 4,
424 3523 452 3604 7,
471 3525 509 3604 1,·
530 3524 561 3604 4,
577 3522 607 3605 9,
625 3524 660 3604 1,·
682 3523 712 3603 4,
728 3522 835 3605 22,1,·
858 3524 888 3605 5,
904 3523 990 3603 38,1
1015 3521 1114 3601 alia).

243 3623 310 3689 Vix
326 3646 443 3710 operae
457 3625 598 3711 pretium
615 3632 663 3689 est
677 3623 717 3689 de
732 3626 761 3705 5,
776 3626 828 3707 40,
844 3627 864 3690 5
886 3625 1040 3703 [Veron..·
1062 3625 1201 3707 ‚,petit'“;
1222 3621 1318 3686 Vict:

159 3729 315 3810 ‚petitus
346 3727 440 3812 plura
472 3726 572 3792 verba
602 3727 719 3810 facere,
752 3729 904 3813 quoniam
938 3725 1125 3811 saepissime
1161 3719 1318 3814 inlibris

160 3829 387 3914 manuscriptis
412 3831 530 3914 „petitu
554 3838 585 3894 et
601 3830 732 3916 „petiiffl
750 3828 990 3894 confunduntur
1005 3828 1065 3913 (cf.
1080 3826 1319 3891 Drakenborch

161 3931 208 3995 ad
221 3929 272 4012 37,
284 3933 334 4013 45,
346 3933 366 3996 2
368 3937 393 4011 ),
417 3931 689 3998 Antcccdentibus
701 3941 809 3996 autem
820 3929 976 4017 exemplis
992 3931 1040 4013 (3,
1052 3929 1103 4022 38,
1114 3932 1135 3993 4
1142 3951 1154 4010 ,·
1170 3929 1200 4009 3,
1213 3926 1263 4008 63,
1276 3928 1297 3991 4
1304 3949 1317 4009 ,·

158 4034 191 4114 4,
207 4033 259 4114 22,
274 4032 313 4115 2,·
340 4035 369 4116 3,
384 4035 435 4116 44,
451 4033 488 4115 6,·
512 4033 542 4114 3,
557 4033 609 4115 44,
625 4035 663 4118 7,·
691 4036 723 4116 4,
738 4035 845 4118 23,3,·
866 4034 961 4116 4,34,
977 4033 1015 4114 5,·
1038 4032 1068 4112 5,
1085 4031 1114 4112 7,
1129 4031 1167 4112 2,·
1191 4030 1262 4110 6,1,
1280 4028 1317 4110 9)

159 4135 257 4198 nixus
278 4135 473 4199 Veronensis
495 4137 717 4201 auctoritatem
739 4138 904 4223 sequor1).

235 4273 259 4338 ¹)
278 4273 386 4324 missum
411 4263 486 4324 facio'
506 4273 595 4323 locum
615 4273 640 4336 5,
660 4272 704 4337 31,
725 4273 741 4321 8
763 4270 863 4338 [Victa
883 4269 1041 4334 ,‚crcatar“,·
1066 4265 1140 4316 Ver„-
1159 4260 1318 4328 „creatas“}

161 4363 258 4428 quippe
278 4364 352 4429 cujus
372 4364 501 4429 scriptura
519 4365 548 4413 in
567 4365 628 4415 Ver.
647 4380 702 4415 non
723 4368 795 4414 certa
814 4363 857 4414 sit.

1090 4443 1110 4505 2
