3200 5030
759 313 908 412 *3,*-

250 522 365 587 tiorcm
388 518 558 583 verborum
581 516 735 596 ordinem,
758 537 821 600 quo
843 516 931 579 notio
953 513 1077 580 ferendi
1099 515 1203 599 magis
1225 513 1413 597 intenditur,

251 623 329 687 satis
352 619 494 686 declarat
516 619 577 704 (cf.
601 617 836 681 Drakenborch
861 619 906 682 cd
927 618 978 700 25,
1001 618 1031 700 5,
1054 617 1101 700 7).

336 723 464 804 Quibus
485 719 633 786 collocati
654 719 773 804 objecti
794 719 1017 806 discrepantiis
1036 719 1212 806 adjungere
1227 719 1305 782 mihi
1318 718 1416 786 liceat

251 823 446 910 exemplum,
476 827 510 888 in
540 845 602 909 quo
632 821 672 886 de
701 821 820 908 objecti
842 825 895 906 (in
919 823 1030 887 datico
1048 823 1170 907 positi)
1193 821 1345 887 attributo
1368 821 1415 885 di-

252 927 389 992 cendum
420 938 468 992 est
494 927 525 1008 4,
548 927 599 1006 55,
622 927 652 1007 3,
684 925 741 988 ubi
773 924 910 989 traditur
941 925 975 987 in
1008 924 1197 988 recensione
1226 922 1415 989 Victoriana

254 1029 336 1114 „duo
359 1028 477 1115 singuli
499 1025 642 1112 singulos
664 1026 729 1091 sibi
750 1025 896 1092 consules
918 1023 1139 1091 adservandos
1160 1025 1297 1090 adsidua
1318 1048 1416 1111 opera

251 1131 462 1212 desumunt“;
485 1130 520 1192 in
534 1129 609 1196 Ver.
636 1129 719 1213 „duo
742 1129 913 1218 singulis1)
931 1126 992 1194 sibi
1009 1127 1156 1193 consules
1171 1127 1316 1213 singulos
1332 1138 1413 1192 otc.u

251 1232 535 1300 Weissenbornius
558 1232 656 1317 igitur
670 1239 812 1312 annotat,
835 1230 989 1297 librorum
1005 1233 1264 1298 Victorianorum
1280 1230 1416 1296 lectione

251 1357 347 1401 voces
372 1332 528 1420 „singuli“
552 1345 583 1400 et
600 1333 780 1419 „singulos“
798 1332 911 1398 melius
921 1337 1018 1422 juxta
1033 1336 1120 1421 poni.
1154 1333 1317 1416 Concedo,
1339 1333 1417 1420 quia

252 1439 440 1524 saepissime
461 1438 554 1524 paria
575 1438 738 1518 attributa,
761 1459 843 1522 quae
865 1436 906 1500 ad
929 1437 1072 1502 eiusdem
1095 1437 1250 1502 enuntiati
1268 1436 1416 1500 notiones

251 1541 421 1626 pertinent,
445 1562 514 1604 sese
530 1540 697 1625 excipiunt
712 1539 772 1624 (cf.
788 1540 827 1604 dc
842 1562 915 1604 voce
929 1541 1100 1626 „ain9alc'“
1118 1541 1145 1621 1,
1160 1541 1190 1621 8,
1205 1539 1243 1622 3,·
1269 1540 1296 1620 1,
1313 1540 1362 1621 ll,
1378 1539 1417 1620 3,·

252 1642 283 1725 6,
308 1644 357 1725 18,
378 1645 418 1723 6,·
448 1645 485 1706 in
515 1642 706 1705 universam
726 1641 839 1725 Rcspe
867 1643 888 1706 l.
911 1644 944 1706 d.
966 1666 1050 1728 pap.
1073 1643 1143 1724 65),
1172 1642 1256 1705 hanc
1277 1640 1417 1725 figuram

251 1745 402 1830 usurpari
423 1743 585 1830 potuisse;
607 1743 820 1808 necessariam
843 1765 919 1808 vcro
941 1766 1006 1808 non
1029 1766 1109 1827 esse,
1136 1744 1223 1808 haud
1243 1743 1340 1829 pauci
1362 1742 1417 1808 de-

252 1855 432 1911 monstrant
452 1844 515 1909 loci
536 1843 621 1909 velut
643 1847 672 1927 2,
694 1845 815 1926 13,11:
841 1846 996 1929 „Romani
1018 1868 1136 1912 novam
1157 1846 1190 1909 in
1212 1845 1332 1910 femina
1353 1844 1416 1909 vir·

251 1958 355 2014 tutem
375 1971 461 2013 novo
483 1969 601 2033 genere
624 1948 754 2012 honoris
770 1957 875 2013 statua
889 1950 1031 2035 equestri
1046 1948 1244 2031 donavere“;
1267 1948 1296 2030 2,
1312 1949 1363 2030 29,
1378 1948 1414 2029 53

253 2053 283 2132 2,
304 2051 356 2134 42,
378 2051 415 2132 83
442 2052 473 2133 4,
494 2050 547 2132 35,
568 2052 602 2132 9;
630 2051 660 2132 5,
683 2050 734 2131 27,
757 2051 786 2116 3.
832 2051 883 2116 Ab
913 2051 1012 2117 altera
1038 2061 1129 2137 parte
1152 2049 1304 2115 hocloco
1327 2058 1415 2114 certa

254 2173 352 2217 causa
374 2161 431 2233 est,
455 2173 512 2215 cur
527 2153 633 2216 minus
649 2174 720 2216 eam
735 2152 919 2237 probemus.
956 2153 1093 2219 Constat
1106 2154 1191 2218 enim
1207 2149 1414 2217 collocatione

253 2254 308 2320 illa
339 2253 566 2318 attributorum
598 2253 666 2316 vim
693 2257 814 2338 augeri,
847 2265 943 2342 atque
971 2255 1256 2322 Weissenbornius
1283 2254 1416 2340 quidem

252 2358 376 2421 ratione
399 2357 468 2442 ejus
490 2357 537 2419 rei
551 2353 662 2418 habita
676 2354 717 2418 ad
733 2355 985 2421 confirmandam
999 2358 1205 2424 Victorianae
1219 2356 1416 2422 recensionis

253 2459 444 2544 scripturam
479 2457 562 2541 „duo
595 2458 657 2520 sin
665 2456 773 2541 guli“
807 2459 922 2524 melius
953 2460 1135 2546 insequenti
1169 2461 1264 2544 „uni“
1294 2458 1415 2545 opponi

251 2560 340 2629 dicit.
380 2558 446 2624 Sed
468 2561 649 2644 graviorem
671 2582 741 2625 esse
764 2563 996 2649 oppositionem
1011 2561 1245 2628 vocabulorum
1263 2563 1366 2645 „duo“
1383 2572 1417 2626 et

253 2664 349 2740 „uni“
379 2663 622 2748 perspiciemus,
650 2663 677 2726 si
698 2661 805 2727 locum
826 2664 935 2750 paullo
957 2666 1140 2730 accuratius
1164 2665 1417 2729 consideraveri-

252 2787 334 2829 mus.
380 2765 532 2829 Divisum
560 2774 617 2846 est,
646 2763 733 2850 quod
763 2766 990 2852 exequendum
1019 2778 1082 2833 tres
1104 2767 1186 2833 Icilii
1214 2767 1276 2832 sibi
1297 2788 1413 2852 propo-

254 2875 393 2946 suerant,
420 2867 453 2928 in
480 2864 560 2929 duas
582 2875 700 2950 partes,
732 2888 867 2952 quarum
890 2867 989 2934 altera
1010 2869 1051 2934 ad
1075 2869 1221 2935 consules
1244 2867 1416 2934 adservan-

255 2966 324 3048 dos,
351 2966 452 3030 altera
473 2965 515 3028 ad
538 2966 760 3032 concitandam
782 2968 912 3053 plebem
934 2972 1111 3057 spectabat.
1156 2973 1192 3038 Si
1214 2972 1311 3057 igitur
1333 2970 1416 3035 duae

252 3068 440 3154 provinciae
462 3068 712 3152 distinguuntur,
735 3071 832 3134 etiam
855 3070 917 3135 duo
940 3073 1034 3156 Icilii,
1057 3073 1175 3160 quibus
1190 3081 1322 3159 propter
1336 3071 1417 3137 duos

254 3169 402 3236 consules
423 3170 464 3234 ad
486 3171 575 3255 prius
597 3171 761 3255 negotium
784 3193 865 3257 opus
889 3184 966 3257 erat,
988 3178 1045 3240 uni
1064 3186 1150 3241 recto
1174 3177 1315 3262 oppositi
1331 3185 1415 3246 sunt.

254 3273 308 3337 Ex
326 3272 584 3338 Weissenbornii
605 3281 713 3338 autem
735 3275 996 3361 interpretatione
1019 3279 1103 3361 (dac
1124 3279 1251 3365 ainpuli
1274 3317 1312 3324 —
1335 3280 1415 3359 ani)

253 3374 339 3438 haud
366 3376 521 3439 concinne
550 3374 684 3440 dimidia
712 3378 829 3461 prioris
858 3381 1000 3444 muneris
1023 3402 1098 3465 pars
1120 3382 1189 3463 toti,
1218 3402 1280 3467 quo
1303 3381 1416 3444 tertius

236 3474 364 3540 'Icilius
385 3475 512 3542 functus
535 3487 583 3543 est
604 3479 719 3564 cuique
741 3502 823 3544 unus
846 3481 982 3564 suffecit,
1004 3483 1185 3567 respondet.
1223 3482 1331 3563 Quare
1347 3482 1416 3546 sinc

252 3576 319 3641 ulla
354 3576 554 3643 dubitatione
586 3580 780 3645 Veronensis
817 3583 989 3647 verborum
1027 3584 1189 3666 ordinem,
1227 3585 1282 3670 qui
1319 3585 1417 3650 etiam

253 3689 385 3767 propter
409 3680 586 3744 chiasmum
607 3680 699 3747 valde
721 3683 838 3768 placet,
861 3683 1082 3771 recipiendum
1106 3685 1204 3770 duco;
1228 3687 1417 3753 Victoriana

254 3791 366 3846 contra
388 3784 548 3869 scriptura
569 3806 642 3847 cum
666 3785 789 3868 eadem,
812 3809 910 3873 quam
933 3786 1064 3853 exhibet
1079 3787 1285 3873 Veronensis,
1308 3787 1417 3854 arche-

254 3885 325 3971 typi
346 3885 463 3950 menda
485 3888 687 3972 („sin9uli“)
709 3910 768 3972 pro
794 3889 964 3975 „singulis“
988 3900 1055 3953 tum
1079 3891 1185 3956 studio
1207 3892 1262 3956 illo
1277 3891 1418 3977 explica-

329 4126 353 4194 1)
380 4129 472 4180 addita
496 4136 537 4181 cst
562 4147 578 4180 a
601 4147 643 4181 me
667 4131 755 4182 littera
781 4131 837 4198 „s“,
867 4151 933 4200 quae
956 4143 1064 4203 propter
1089 4138 1272 4204 insequentem
1299 4136 1412 4188 eandem

254 4218 368 4269 litteram
391 4221 468 4271 facile
495 4222 615 4273 excidere
639 4223 733 4288 potuit,
759 4225 828 4274 sicut
852 4227 877 4289 3,
903 4227 947 4289 34,
974 4230 989 4276 6
1015 4230 1117 4296 utrique
1141 4229 1292 4282 recensioni
1316 4229 1410 4280 vitium

258 4307 346 4374 ,edito
366 4311 447 4362 satis“
467 4328 515 4377 pro
537 4314 639 4379 „editos
659 4311 740 4366 satis“
760 4316 866 4366 insidet.
