3200 5030
655 348 807 454 ,El-q

151 568 291 613 errorem
323 547 489 614 incideret.
540 549 641 636 Oujus
667 549 883 637 interpolandi
911 551 1038 636 generis
1066 559 1194 636 praeter
1223 549 1309 616 buno

150 649 258 714 locum
280 651 343 714 tria
363 649 512 736 exempla
533 650 700 738 indagavi:
829 697 834 706 ·

193 753 223 835 3,
239 753 290 835 44,
307 753 343 816 7:
378 753 531 840 „Vergini
561 755 663 839 patris
695 755 870 841 sponsique
903 755 974 820 Icili
1005 756 1160 842 populare
1192 775 1310 821 nomen

236 852 451 920 celebrarunt
469 855 562 938 Ver.;
585 854 809 924 celebrabatur
822 856 924 940 Vict.;
947 879 1058 923 verum
1076 867 1125 922 est
1148 856 1307 941 „celebra

235 961 306 1022 tur“
331 957 372 1022 cf.
394 978 469 1042 pag.
495 959 534 1023 15
555 981 620 1045 seq.

195 1061 365 1143 4,17,11:
398 1058 560 1144 „legiones
588 1058 771 1126 faliscorum
801 1060 993 1126 auxiliorum
1015 1067 1189 1127 venerunt“
1214 1061 1297 1128 Ver.

239 1161 398 1246 „legiones
411 1160 531 1226 auxilio
543 1161 726 1228 faliscorum
739 1169 916 1229 venerunt“
930 1165 1028 1248 Vict.;
1041 1165 1205 1252 primitiva
1214 1162 1308 1230 lectio

235 1273 284 1328 est
301 1262 462 1348 „legiones
477 1264 662 1330 faliscorum
676 1265 796 1330 auxilio
811 1272 986 1332 vener-nnn
1005 1268 1070 1333 vid.
1086 1267 1156 1332 infr.
1173 1287 1247 1353 pag.
1255 1267 1308 1334 40.

194 1367 224 1448 5,
239 1368 290 1450 44,
308 1367 341 1429 1:
366 1365 443 1450 „sed
463 1389 515 1432 res
536 1389 576 1432 ac
598 1388 801 1432 communem
822 1367 1020 1454 periculum“
1043 1369 1134 1453 Ver.;
1158 1369 1235 1454 „sed
1255 1390 1307 1434 res

235 1491 275 1533 ac
302 1468 483 1554 periculum
512 1473 699 1534 000οι0000α
724 1469 823 1552 Vico,
853 1470 1058 1536 scribendum
1088 1479 1138 1536 est
1160 1471 1236 1554 ,sed
1256 1491 1308 1536 res

237 1591 275 1634 ae
297 1591 467 1635 commune
488 1569 686 1656 periculum“
709 1569 775 1638 vid.
798 1571 855 1637 inf.
877 1594 953 1658 pag.
975 1574 1017 1638 43
1039 1597 1103 1660 seq.

151 1673 269 1760 quibus
308 1673 456 1738 omnibus
492 1671 572 1738 locis
603 1671 750 1760 neglecta
782 1673 822 1739 de
854 1673 1014 1739 industria
1045 1675 1179 1741 mendae
1211 1696 1310 1742 causa

150 1777 357 1841 Victorianus
378 1774 431 1839 vel
445 1773 635 1840 Nicomachi
649 1784 830 1842 correctura
851 1798 911 1842 sua
924 1797 1118 1862 praecavere
1133 1777 1310 1930 voluerunt,

149 1901 193 1944 ne
212 1879 309 1943 fontis
330 1878 444 1943 vitium
467 1876 572 1943 denuo
594 1878 759 1963 irreperet.

241 1982 365 2061 Quarto
378 1979 495 2063 loco3,
506 1982 557 2064 57,
569 1981 599 2062 9,
613 1981 737 2046 etiamsi
749 1989 836 2045 certa
846 1990 1045 2066 argumenta
1056 2003 1114 2046 cur
1128 1981 1312 2046 alterautra

149 2083 255 2148 forma
275 2084 316 2148 sit
329 2081 549 2170 praeferenda,
564 2083 678 2168 desint,
692 2105 766 2148 cum
780 2085 814 2146 iu
829 2081 988 2148 similibus
1002 2083 1158 2171 exemplis
1173 2093 1206 2148 et
1222 2105 1310 2169 ,evc-

150 2190 286 2252 nerunt“
311 2186 370 2272 (cf.
394 2189 423 2268 8,
439 2187 490 2268 37,
506 2187 546 2269 3,·
569 2186 620 2268 34,
636 2187 687 2269 55,
703 2184 741 2267 5)
765 2195 797 2251 et
820 2190 994 2269 „evenere“
1020 2186 1063 2272 (7,
1082 2186 1130 2268 12,
1147 2188 1181 2269 6)
1203 2186 1310 2272 legan-

150 2298 213 2370 tur,
234 2297 341 2354 tamen
363 2288 450 2375 quod
470 2291 501 2372 4,
514 2289 544 2372 7,
556 2289 591 2370 8,
613 2290 644 2370 5,
659 2289 689 2369 5,
704 2289 741 2371 5,
762 2290 793 2371 5,
808 2289 859 2371 33,
874 2289 896 2354 5
910 2288 1104 2354 Veronensis
1119 2290 1311 2376 scripturam

150 2389 398 2476 probabiliorem
421 2413 492 2456 esse
512 2390 664 2474 vidimus,
692 2391 788 2479 hujus
808 2392 1031 2456 auctoritatem
1053 2392 1163 2478 utique
1184 2412 1312 2479 sequor.

655 2619 806 2628 .———--

595 2790 698 2874 Caput
718 2789 865 2854 alterum.
946 2854 950 2864 ,

237 2907 422 2989 Veniamus,
450 2906 535 2972 sicut
562 2907 770 2989 instituimus,
791 2907 832 2970 ad
854 2905 1027 2972 verborum
1050 2905 1170 2972 ordinis
1193 2903 1311 2969 discre-

144 3010 290 3094 pantias,
311 3010 353 3075 de
368 3007 486 3095 quibus
502 3007 734 3091 Mommsenus,
754 3010 809 3094 qui
823 3011 998 3074 maximam
1020 3018 1142 3095 partem
1166 3029 1219 3072 eas
1235 3029 1310 3071 enu-

153 3121 256 3176 merat
271 3119 369 3198 (pap.
382 3113 443 3176 185
457 3121 536 3176 nota
549 3113 585 3194 1)
600 3112 679 3176 dicit
698 3113 913 3197 „argumentis
928 3134 1000 3177 raro
1015 3112 1092 3177 talia
1105 3107 1309 3197 dijudicabis.

154 3213 220 3279 Sed
227 3213 415 3299 Wodrigius
424 3214 495 3300 jam
508 3223 579 3278 octo
592 3213 670 3279 loeis
687 3213 731 3301 (3,
742 3216 790 3295 13,
800 3217 837 3298 3,
853 3216 883 3296 3,
898 3214 1010 3296 19,10;
1027 3215 1056 3295 3,
1065 3213 1162 3294 24,4,
1178 3212 1264 3294 3,62,
1274 3211 1309 3293 6,

155 3315 186 3397 3,
201 3317 251 3398 67,
267 3317 301 3399 3,
323 3318 354 3399 4,
372 3313 421 3398 13,
439 3318 496 3399 12,
518 3317 549 3398 5,
562 3317 591 3398 7,
605 3317 660 3398 12,
685 3318 716 3399 5,
728 3317 779 3396 32,
791 3317 825 3402 3)
848 3315 959 3402 probis
981 3313 1178 3399 argumentis
1200 3333 1310 3377 veram

152 3416 322 3483 lectionem
342 3417 436 3484 Livio
459 3440 501 3482 ex
511 3419 690 3483 Veronensi
712 3416 862 3499 reddidit,
878 3438 1019 3502 ,quorum
1042 3425 1106 3480 tres
1130 3414 1310 3500 (4,13,12,

152 3521 183 3601 5,
200 3520 250 3603 32,
267 3521 302 3604 3,
335 3520 412 3604 5,7,
430 3520 483 3606 12)
513 3519 794 3586 Weissenbornius
828 3526 958 3584 auctore
990 3539 1056 3582 non
1088 3515 1197 3581 addito
1229 3515 1310 3580 reci-

151 3621 287 3707 piendas
308 3622 403 3689 duxit
424 3625 478 3706 (ia
504 3624 553 3687 ed.
575 3623 736 3704 Weidrn.),
760 3622 903 3709 quinque
924 3621 1048 3706 priores
1070 3618 1196 3684 silentio
1218 3639 1310 3704 prae-

152 3725 247 3790 teriit.
277 3726 424 3812 Iniquius
440 3725 536 3805 enim,
559 3725 679 3810 quippe
702 3724 756 3811 qui
772 3721 914 3809 singulas
929 3724 1032 3808 magis
1048 3743 1145 3809 quam
1160 3718 1309 3787 collectas

152 3837 249 3914 atque
278 3829 362 3893 inter
389 3851 423 3894 se
451 3837 655 3914 comparatas
680 3825 930 3891 consideraverit
950 3822 1113 3905 lectiones,
1135 3821 1175 3886 de
1197 3820 1311 3886 verbo-

152 3951 224 3993 rum
257 3931 369 3996 ordine
401 3955 421 3996 a
449 3931 627 3997 Veronensi
660 3938 787 3994 servato
815 3927 953 4015 judicat,
985 3927 1077 4013 cujus
1108 3926 1156 3989 rei
1189 3925 1310 4009 optimo

152 4030 345 4099 documento
378 4043 426 4098 est
457 4033 653 4099 annotatatio
681 4031 723 4096 ad
748 4034 779 4114 4,
794 4032 846 4112 25,
864 4030 903 4093 13
932 4030 1017 4113 (oid.
1045 4027 1109 4113 inf.
1135 4051 1216 4113 pap.
1239 4027 1310 4109 40).

152 4133 272 4216 Quare,
302 4135 490 4222 praesertim
520 4155 594 4198 cum
617 4134 713 4199 etiam
733 4132 918 4219 Madvigius
939 4131 1132 4196 Mommseni
1153 4129 1310 4194 iudicium

154 4246 283 4302 secutus
317 4238 377 4324 (of.
401 4261 486 4325 pap.
509 4237 547 4318 2)
579 4237 696 4302 iterum
728 4245 824 4322 atque
858 4236 984 4319 saepius
1006 4233 1225 4298 Veronensem
1256 4251 1311 4293 ne-

152 4336 291 4422 glexerit
313 4341 415 4424 (oelut
435 4341 465 4423 3,
484 4339 532 4421 13,
548 4337 588 4420 3,·
610 4339 640 4421 3,
659 4340 707 4419 19,
727 4339 784 4420 10,
807 4338 838 4420 3,
853 4338 904 4419 24,
919 4337 958 4418 4,
980 4337 1011 4418 3,
1027 4335 1078 4417 62,
1094 4335 1132 4417 6,
1155 4334 1185 4414 3,
1201 4333 1253 4416 67,
1268 4333 1309 4414 3,·
