3200 5030
683 345 833 443 „13-

169 607 265 621 ....
373 608 380 625 ,
410 547 497 629 ..rjus
521 545 761 610 confirmandae
782 545 887 630 gratia
907 544 1007 609 affero
1029 543 1147 608 similia
1167 541 1243 608 huic
1272 542 1338 608 duo

438 649 479 710 ,la
507 669 527 710 a
556 649 775 733 suprascripta
802 655 986 713 correctura
1013 646 1158 732 profecta
1186 647 1221 729 3,
1243 646 1294 728 65,
1317 647 1338 712 6

443 771 501 834 pro
526 751 750 832 „continuere“
775 759 807 816 et
826 753 857 831 b,
877 751 929 831 44,
950 750 969 813 8
993 754 1162 833 ,ceperet“
1185 769 1244 834 pro
1269 768 1338 830 ,ce-

422 873 509 916 ..rnm
532 864 639 916 autem
662 861 730 916 erat
750 853 783 917 in
805 852 981 916 vetustiore
1003 848 1131 915 codice:
1155 851 1339 933 ,continue-

429 951 499 1016 intt‘
525 952 712 1030 „viderdnttt
736 955 797 1040 (cf.
818 954 965 1040 Wollftin
986 952 1008 1016 l.
1023 953 1055 1017 d.
1073 974 1159 1037 pap.
1174 953 1222 1033 6).

471 1058 534 1120 duo
555 1056 619 1120 loci
640 1059 674 1122 in
697 1079 761 1121 uno
784 1057 890 1142 capite
912 1055 942 1138 3,
957 1055 1095 1137 68,3et
1115 1054 1145 1136 7,
1167 1073 1261 1135 unus,
1281 1049 1340 1118 ubi

365 1183 369 1190 ·
413 1159 502 1223 libris
523 1159 719 1224 recensionis
740 1159 946 1224 Victorianae
973 1158 1115 1222 futurum
1146 1164 1290 1240 tempus,
1319 1175 1340 1218 a

383 1262 603 1346 ‘uperfectum
627 1260 813 1342 exhibetur,
841 1259 936 1342 alter,
962 1257 1018 1323 ubi
1039 1257 1236 1324 Veronensis
1256 1257 1339 1322 futu·

403 1385 511 1427 omnes
534 1385 686 1450 praesens
707 1373 835 1448 tempus
856 1372 997 1428 tuentur.
1041 1358 1148 1446 Caput
1169 1359 1283 1443 igitur,
1305 1360 1339 1422 in

340 1467 559 1549 =ierrepantias
573 1466 692 1548 inveni,
708 1487 784 1552 pars
799 1475 848 1531 est
863 1464 1007 1546 Quinctii
1022 1460 1161 1527 consulis
1176 1461 1340 1546 orationis,

388 1571 408 1630 *t
433 1577 507 1652 post
528 1567 769 1653 populationem
791 1568 863 1652 agri
880 1566 1016 1631 Romani
1039 1589 1068 1630 a.
1084 1564 1148 1629 446
1170 1585 1199 1627 a.
1215 1561 1291 1629 Chr.
1306 1585 1338 1628 n.

331 1694 361 1734 ¹11
383 1669 581 1735 incitandam
603 1669 741 1756 plebem,
764 1679 800 1735 ut
821 1691 911 1733 arma
932 1676 1061 1754 caperet
1081 1667 1279 1753 injuriasque
1297 1667 1338 1732 ab

347 1781 496 1856 irreceptas
518 1774 752 1838 ulscisceretur.
795 1772 835 1836 In
857 1772 949 1835 cuius
970 1771 1124 1835 orationis
1145 1770 1253 1835 media
1273 1771 1340 1837 fere

339 1878 435 1956 ‚ionia
459 1884 536 1960 quot
558 1885 742 1961 quantaque
762 1872 849 1938 mala
862 1873 1000 1938 Romani
1021 1874 1063 1938 ab
1085 1872 1231 1937 hostibus
1252 1873 1340 1960 passi

338 2026 344 2040 .
379 2000 474 2062 agros
503 1977 587 2041 ferro
616 1978 749 2062 ignique
776 1977 947 2057 vastarint,
980 1974 1134 2061 praedam
1163 1973 1341 2058 abegerint,

367 2105 408 2140 :tn
430 2079 640 2144 incenderint.
678 2078 769 2142 Dicit
790 2076 905 2142 deinde
927 2075 968 2140 ad
989 2075 1159 2141 refutanda
1180 2098 1235 2158 ea,
1258 2099 1341 2164 quae

387 2185 447 2245 sint
469 2181 511 2244 ab
535 2182 594 2263 eis,
623 2181 679 2266 qui
701 2177 912 2264 reipublicae,
938 2200 1004 2242 non
1034 2178 1232 2264 singulorum
1258 2178 1342 2244 mala

380 2302 386 2343 ι
414 2295 466 2364 ,at
488 2284 573 2347 enim
595 2282 774 2347 communis
795 2303 848 2346 res
872 2329 1037 2345 ......
1058 2281 1256 2364 restituenti,
1284 2283 1341 2349 ubi

385 2415 411 2465 a,
435 2385 521 2472 quod
543 2394 592 2451 est
608 2387 691 2472 „jam
706 2383 878 2470 unicuique
893 2405 935 2448 ex
950 2383 1037 2468 agris
1053 2405 1112 2447 sua
1126 2384 1243 2449 damna
1259 2433 1267 2449 .
1283 2431 1290 2448 .
1308 2434 1315 2448 .
1332 2434 1339 2450 .

405 2485 516 2551 scribit
553 2535 568 2570 „
581 2486 849 2568 nuntiabuntur“,
886 2507 959 2549 cum
994 2486 1189 2551 Veronensis
1224 2484 1342 2551 habeat

373 2604 462 2654 itura.
500 2589 651 2654 Continet
664 2588 727 2654 hoc
748 2589 947 2653 enuntiatum
969 2608 1159 2673 responsum
1180 2588 1222 2653 ad
1245 2610 1342 2674 quae·

364 2693 506 2774 privatae
528 2713 580 2755 res
601 2692 636 2753 in
658 2711 722 2776 quo
744 2698 829 2754 statu
851 2691 973 2756 sunt“?
1003 2690 1125 2773 datum,
1155 2711 1254 2776 quare
1270 2690 1340 2776 jam

331 2794 428 2856 ····1·ba
445 2795 497 2875 „in
517 2813 580 2878 quo
595 2800 681 2856 statu
696 2791 812 2857 sunt“‘?
825 2795 974 2858 nuntium
989 2792 1178 2858 damnorum
1194 2801 1342 2879 accepto·

331 2905 408 2958 ¹tum
431 2916 501 2959 esse
523 2893 659 2980 ideoque
679 2895 855 2980 praeterito
877 2904 1020 2982 tempore
1042 2895 1152 2960 referri
1178 2903 1342 2960 consenta-

332 3011 360 3061 εὶ.
405 2997 480 3061 Jam
502 3017 577 3060 vero
600 2996 756 3061 sententia
779 2996 876 3082 „quid
899 3009 948 3063 est
972 2997 1101 3063 tandem
1123 2997 1227 3080 domi,
1255 2997 1342 3062 unde

322 3099 446 3163 ··stis“?
470 3121 543 3162 cum
566 3098 767 3163 antecedenti
789 3100 973 3185 quaestione
996 3098 1111 3165 collata
1128 3100 1227 3165 fidem
1242 3099 1343 3182 affert,

331 3205 425 3282 eise,
459 3210 578 3287 quanto
612 3200 755 3265 omnium
783 3223 889 3266 rerum
917 3202 1108 3267 detrimento
1135 3203 1240 3266 affecti
1270 3203 1343 3285 sint,

305 3327 409 3386 ipram
433 3303 519 3389 quod
542 3302 676 3367 dubium
700 3324 854 3366 essenon
876 3313 992 3388 potest,
1014 3305 1091 3390 quin
1112 3308 1186 3389 post
1203 3302 1344 3367 hostium

317 3436 333 3459 ω
357 3406 502 3468 Romano
532 3405 762 3491 profectionem
787 3405 847 3490 (cf.
870 3431 896 3470 e.
917 3407 967 3488 66,
989 3408 1026 3488 6)
1057 3413 1089 3472 et
1115 3415 1189 3470 ante
1212 3406 1345 3486 Quincti

304 3531 361 3568 mn
392 3505 542 3590 permulti
568 3508 673 3571 nuntii
702 3506 838 3572 Romam
867 3508 1022 3573 venerint.
1077 3506 1227 3589 Accedit,
1257 3507 1344 3594 quod

301 3633 350 3672 ine
373 3610 551 3693 pertinacia
573 3607 677 3694 plebis
696 3611 799 3696 major
813 3609 1096 3696 vehementiusque
1111 3609 1184 3674 ideo
1201 3611 1345 3690 Quinctii

306 3715 395 3774 rium
422 3711 565 3793 videtur,
595 3713 622 3774 si
651 3709 787 3797 probata
808 3711 1003 3777 Veronensis
1033 3713 1194 3799 scriptura
1217 3713 1346 3798 cognita

341 3837 397 3898 per
418 3814 548 3878 nuntios
571 3813 679 3877 omnia
700 3834 771 3878 esse
793 3812 891 3895 mala,
920 3815 1007 3877 cives
1034 3823 1142 3878 tamen
1169 3812 1345 3879 obstinatos

328 3915 571 3980 circumsedisse
586 3914 706 3980 dictum
723 3925 780 3980 est.
819 3915 960 3980 Causam
977 3915 1116 4002 denique
1130 3914 1347 4002 interpolandi

317 4017 534 4083 antecedentis
557 4016 751 4104 paragraphi
775 4038 836 4098 „ex
858 4015 958 4081 muris
978 4019 1073 4083 visite
1096 4023 1176 4082 ete.“
1199 4016 1278 4081 falso
1300 4018 1346 4080 in-

354 4255 460 4318 ,dvigius
484 4255 512 4303 in
531 4253 617 4304 Praei.
644 4253 685 4303 ed.
712 4253 756 4304 alt.
781 4269 843 4320 pag.
863 4254 953 4307 XXVI
978 4254 1115 4320 proposuit
1144 4250 1249 4317 ,videre
1275 4249 1346 4316 ita“;

366 4347 427 4396 Ber.
449 4345 495 4396 des
514 4345 578 4396 berl.
597 4345 661 4410 phil.
680 4345 740 4396 Ver.
763 4345 832 4395 1873
853 4361 916 4414 pag.
939 4346 984 4400 96.
