3200 5030
668 365 818 462 323--

160 585 272 628 vocem
303 561 457 648 „militesf
487 573 524 628 ut
544 567 674 630 inanem
694 567 920 652 repetitionem
943 589 984 630 ex
1006 566 1209 634 antecedenti
1231 590 1325 652 para·

160 665 283 751 grapho
311 687 442 751 prorsus
469 667 704 753 neglegendam
732 677 849 751 censet,
877 668 965 755 quod
994 668 1080 735 haud
1102 669 1200 735 dubie
1221 668 1323 735 levius

160 775 217 848 est,
240 788 313 830 eum
336 769 412 832 satis
435 779 568 849 constet,
590 772 720 836 minime
741 771 871 835 Livium
893 771 1039 836 eiusdem
1060 769 1211 838 vocabuli
1231 773 1324 837 itera·

158 869 279 934 tionem
307 871 444 935 evitasse
467 871 528 955 (ef.
551 873 679 953 Mulier,
708 873 825 959 Propr.
855 897 884 938 o.
907 872 1046 939 Stendol
1070 875 1150 939 1871
1177 897 1261 961 pap.
1283 875 1321 957 ὅ)

158 979 190 1036 et
212 969 460 1056 appellationem
478 975 652 1060 praecipue
667 976 702 1038 in
717 984 876 1040 commota
891 975 1044 1056 oratione,
1067 976 1151 1041 sicut
1165 975 1227 1040 hoe
1241 974 1322 1059 loco,

158 1073 251 1138 brevi
273 1072 439 1140 intervallo
461 1096 556 1161 posse
577 1076 687 1141 iterari
710 1076 845 1140 doceant
866 1075 1015 1162 exempla
1029 1076 1060 1159 3,
1075 1078 1127 1159 67,
1142 1087 1197 1159 ss:
1222 1078 1321 1163 „Qui-

158 1179 270 1259 rites“;
293 1178 324 1258 5,
339 1179 389 1258 44,
408 1189 464 1260 Ὗς,
490 1177 698 1262 „Ardeates“.
736 1178 811 1243 Jam
833 1176 886 1244 ille
909 1177 950 1243 ab
966 1178 1027 1243 hac
1049 1181 1211 1244 sententia
1230 1201 1323 1264 prae·

158 1300 295 1364 propere
323 1279 487 1365 profectus
516 1278 686 1345 lectionem
707 1280 793 1345 Med.
816 1289 849 1345 et
870 1281 1005 1364 Worm,
1036 1281 1122 1367 quod
1143 1280 1186 1345 ad
1207 1301 1322 1346 vocem

160 1381 309 1466 „geritis“
333 1375 456 1463 attinet,
486 1390 572 1448 recte
594 1383 635 1448 ab
658 1404 695 1448 co
716 1404 775 1468 pro
797 1380 878 1446 falsa
899 1382 1053 1466 habitam,
1070 1383 1197 1469 judicat
1219 1393 1321 1449 ortam

158 1505 229 1548 esse
256 1482 361 1547 soluta
387 1485 492 1568 prima
517 1483 641 1570 syllaba
671 1484 738 1570 „fe“
769 1507 790 1548 a
816 1506 896 1548 voce
924 1484 1102 1569 „feceritisss‘
1127 1494 1223 1572 atque
1246 1506 1321 1551 cum

158 1586 347 1671 pronomine
371 1585 488 1669 „mihis
512 1595 663 1669 coartata,
686 1608 749 1673 quo
771 1587 856 1651 facto
879 1597 911 1652 et
935 1586 1089 1672 „milites“
1115 1598 1146 1653 et
1171 1587 1319 1672 „geritis“

158 1688 328 1758 evaserint.
371 1688 500 1752 Deinde
526 1687 697 1754 lectionem
718 1689 897 1775 Leydcnsis
928 1690 1034 1776 „quod
1063 1711 1121 1756 vos
1144 1688 1223 1753 mihi
1244 1697 1321 1754 tete-

156 1789 287 1874 geritis“
310 1811 376 1853 non
398 1790 588 1874 corrigendo
610 1799 728 1873 natam,
750 1790 807 1856 sed
828 1792 1013 1877 propiorem
1035 1793 1159 1876 primae
1183 1790 1320 1856 mendae

158 1889 256 1975 „mihi
277 1891 451 1976 fegeritis“,
473 1893 612 1978 denique
627 1893 766 1958 Parisini
788 1901 820 1958 et
834 1895 1032 1958 deteriorum
1047 1891 1203 1957 librorum
1219 1894 1318 1978 scrip-

62 2056 64 2060 .
157 2001 264 2056 turam
298 1991 396 2076 „mihi
428 1993 615 2058 effeceritis“
651 1996 834 2080 conjectura
866 1996 1029 2061 inventam
1061 2015 1131 2060 esse
1159 1997 1318 2079 opinatur.

153 2095 277 2159 Verum
298 2104 524 2182 praeterquam
546 2097 632 2181 quod
654 2105 773 2161 temere
795 2096 837 2161 ab
860 2119 897 2161 eo
913 2095 1060 2182 neglecta
1074 2107 1122 2162 est
1136 2119 1203 2163 vox
1220 2096 1321 2182 „mili-

154 2200 234 2280 tes“,
255 2197 430 2261 artificiosa
450 2195 529 2262 haec
551 2197 749 2288 singulorum
770 2199 921 2263 vitiorum
944 2200 1071 2284 genesis
1087 2199 1202 2286 cuique
1216 2199 1319 2263 videri

116 2349 117 2352 ,
154 2297 251 2364 debet
272 2308 304 2364 et
326 2300 467 2364 maxime
495 2299 573 2364 mihi
596 2301 726 2386 quidem
748 2310 898 2386 suspecta
920 2309 968 2366 est
989 2302 1094 2386 prima
1115 2299 1170 2365 issa
1191 2301 1318 2383 menda,

153 2421 174 2464 a
202 2422 267 2486 qua
292 2400 469 2487 Leydcnsis
498 2403 679 2488 corruptela
710 2403 808 2488 „mihi
836 2404 1033 2488 tetegeritis“
1064 2413 1096 2468 et
1123 2403 1327 2469 deteriorum

153 2502 355 2589 quorundam
383 2506 565 2590 conjectura
591 2511 681 2589 (eum
702 2507 859 2571 Parisino
886 2507 967 2570 mire
994 2511 1196 2591 congruens)
1222 2504 1319 2590 „mihi

153 2605 341 2670 effeceritis“
371 2607 528 2691 originem
558 2605 703 2690 duxerit,
739 2628 813 2672 cum
842 2607 984 2692 genuina
1011 2605 1107 2672 lectio
1136 2607 1318 2672 emendanti

104 2697 108 2704 ’
151 2706 248 2772 fuerit
269 2708 427 2792 proxima,
452 2747 492 2756 —
514 2709 589 2772 Jam
615 2731 691 2774 vero
714 2717 750 2773 ut
771 2709 813 2774 ad
836 2707 1061 2795 explicandam
1083 2719 1226 2787 nostram
1248 2732 1317 2774 sen-

151 2810 284 2874 tentiam
306 2820 514 2889 transeamus,
544 2811 653 2894 gravis
675 2812 830 2874 momenti
851 2832 922 2876 eam
944 2834 1013 2876 rem
1035 2825 1106 2876 esse
1121 2811 1317 2897 judicamus,

154 2909 241 2997 quod
266 2931 444 2996 pronomen
474 2910 589 2995 „mitr‘
613 2914 647 2977 in
668 2913 794 2978 duobus
817 2915 946 2998 optimis
969 2912 1137 2978 codicibus
1160 2914 1264 2996 (Med.
1288 2901 1329 2976 et'

158 3014 293 3096 Worm.)
317 3013 407 3078 deest
428 3023 459 3078 et
479 3035 538 3100 pro
561 3035 599 3078 eo
621 3037 688 3080 vox
703 3014 859 3100 ,milites“
876 3024 1050 3101 comparet,
1074 3038 1149 3080 cum
1164 3016 1198 3079 in
1212 3015 1314 3100 Leyd.

151 3125 183 3181 et
208 3116 309 3180 Paris.
338 3125 370 3180 et
397 3117 477 3202 ipsis
505 3118 629 3203 primae
659 3116 770 3182 classis
796 3116 887 3183 libris
915 3126 1011 3202 atque
1041 3118 1076 3180 in
1103 3117 1315 3183 deterioribus

150 3219 318 3284 codicibus
333 3240 563 3306 nonnunquam
579 3221 739 3304 correctis,
762 3221 894 3306 saepius
909 3218 1109 3305 interpolatis
1124 3219 1314 3304 reperiatur,

153 3318 307 3406 ,milites“
338 3330 370 3385 et
401 3321 516 3406 „mihit
548 3323 609 3387 hoc
637 3324 810 3388 verborum
838 3321 949 3385 ordine
979 3319 1086 3406 „quod
1114 3341 1173 3385 vos
1196 3317 1315 3385 milites

150 3423 289 3489 feceritis
318 3421 416 3486 mihi“
440 3425 475 3486 in
496 3424 785 3509 Havercampiano,
812 3445 876 3487 uno
900 3445 942 3488 ex
963 3420 1186 3498 deterioribus,
1208 3419 1316 3507 legan-

150 3534 211 3591 tur.
250 3528 341 3606 Quae
363 3524 467 3608 lectio,
489 3527 522 3588 in
546 3547 610 3611 qua
631 3534 741 3611 aperte
762 3547 940 3610 pronomen
957 3522 1085 3609 „mihi“,
1108 3544 1193 3606 cum,
1216 3533 1251 3588 ut
1270 3525 1316 3588 ita

152 3626 272 3712 dicam,
303 3627 503 3692 claudicante
531 3627 614 3712 pede
643 3637 810 3714 sequatur,
838 3630 905 3693 sive
933 3628 968 3690 in
996 3626 1172 3712 archetypo
1201 3647 1314 3711 supra-

151 3733 305 3815 scriptum
327 3732 394 3794 sive
416 3733 450 3795 in
471 3733 616 3816 margine
638 3739 805 3798 exaratum
826 3751 927 3816 pravo
949 3727 1020 3792 loco
1035 3737 1109 3814 post
1123 3727 1314 3814 perductum

150 3831 313 3896 adfinem
340 3834 539 3898 enuntiatum
566 3833 713 3898 additum
735 3843 792 3914 est,
820 3831 1005 3896 facultatem
1032 3829 1126 3895 nobis
1149 3830 1250 3910 offert,
1279 3838 1315 3893 ut

150 3933 347 4018 primitivam
358 3934 561 4000 Victorianae
575 3937 772 4001 recensionis
787 3936 980 4020 scripturam
992 3935 1208 3999 restituamus.
1231 3930 1313 3994 Nam

150 4037 178 4100 si
194 4033 414 4100 Victorianum
436 4037 651 4104 conformasse
673 4036 779 4101 locum
800 4037 845 4102 ita
869 4034 975 4123 „quod
990 4058 1059 4118 vos,
1082 4032 1211 4115 militae,
1233 4031 1312 4095 mihi

150 4137 320 4219 feceritis“,
344 4137 458 4203 deinde
480 4150 612 4226 propter
632 4138 809 4206 litterarum
832 4137 1072 4203 similitudinem
1093 4135 1180 4200 facili
1204 4154 1311 4199 errore

149 4262 328 4326 pronomen
352 4241 468 4325 „mihit
492 4243 651 4306 excidisse
666 4242 851 4327 probamus,
875 4263 945 4306 eam
960 4240 1116 4306 habemus
1129 4236 1310 4316 lectionem,

150 4365 192 4407 ex
214 4365 278 4429 qua
298 4343 458 4428 librarius,
483 4346 537 4431 qui
551 4345 637 4410 Med.
660 4354 692 4410 et
706 4343 830 4412 Worm.
849 4343 1046 4428 archetypon
1062 4339 1215 4421 exaravit,
1238 4358 1314 4401 eum

1080 4443 1101 4506 3
