3200 5030
777 335 927 434 Aa*

271 539 441 620 lectionem
475 558 555 622 „ope
588 536 746 600 humana“
780 557 841 623 pro
870 536 1047 602 Victoriani
1080 536 1240 622 scriptura
1273 536 1435 619 „humana

272 647 352 728 ope“
369 639 520 721 defendit,
542 639 599 704 ubi
614 638 895 704 Weissenbomius
915 639 1031 724 injuria
1050 641 1084 703 in
1106 639 1234 703 notione
1252 636 1432 722 ,humana“

272 745 339 808 vim
360 744 443 809 verti
464 743 616 807 orationis
639 740 811 810 contendit.
849 742 957 827 Atque
975 743 1071 806 etiam
1085 745 1116 822 4,
1131 742 1182 824 56,
1201 742 1240 804 13
1256 743 1326 826 jam
1340 741 1433 806 Mad-

272 846 378 930 vigius
407 846 496 928 (Em.
511 845 583 908 Lio.
596 867 677 932 pop.
696 842 863 927 128s129),
888 844 1077 931 priusquam
1099 845 1318 916 Veronensem
1339 843 1432 926 vidit,

272 949 306 1011 in
316 945 463 1014 lectione
478 947 672 1011 recensionis
687 945 892 1012 Victorianus
910 946 1056 1031 ,interim
1070 946 1199 1031 patricii
1214 945 1308 1010 soluti
1322 944 1432 1032 legum

272 1051 582 1135 magistratuumque
607 1047 802 1112 verecundia
830 1070 944 1135 perse
967 1069 1094 1134 quoque
1116 1048 1322 1114 tribuniciam
1343 1057 1433 1132 pote-

273 1161 388 1218 statem
416 1162 579 1238 agerent“,
605 1173 664 1215 suo
685 1152 759 1236 jure
789 1149 923 1216 offendit
947 1158 980 1214 et
1006 1151 1145 1216 scribere
1173 1149 1275 1215 voluit
1297 1173 1432 1236 ,perse

272 1263 454 1341 quoquest
481 1254 685 1319 tribuniciam
712 1261 904 1338 potestatem
931 1257 1098 1338 agerent“;
1126 1261 1238 1339 postea
1266 1275 1308 1317 ex
1330 1254 1432 1319 Vero·

216 1370 220 1378 '
271 1357 363 1421 nansi
384 1354 528 1442 paullum
548 1354 694 1421 mutilato
711 1355 930 1421 Mommsenus
952 1356 1125 1441 genuinam
1147 1353 1432 1422 conformationem

274 1459 421 1542 ,interim
443 1459 570 1545 patricii
592 1456 687 1523 soluti
707 1457 815 1544 legum
837 1457 1146 1543 magistratuumque
1168 1457 1200 1522 vi
1223 1467 1319 1543 atque
1340 1479 1432 1524 vere-

273 1562 391 1626 cundia
418 1583 477 1646 per
505 1583 540 1626 se
566 1569 822 1646 potestatemque
842 1560 1049 1625 tribuniciam
1069 1563 1220 1644 agerent‘
1244 1559 1338 1625 Livio
1359 1560 1432 1626 red·

272 1662 355 1729 didit
381 1685 515 1749 eamque
537 1662 723 1746 Madvigius
751 1663 878 1727 omissis
905 1662 1013 1730 verbis
1042 1663 1094 1736 „vi
1114 1666 1246 1747 .atque“,
1274 1682 1356 1747 quae
1378 1661 1432 1728 ille

272 1764 314 1830 ad
337 1763 528 1849 explendam
549 1762 698 1829 lacunam
719 1763 857 1846 addidit,
887 1765 921 1828 in
941 1765 1116 1829 novissima
1137 1764 1277 1830 editione
1299 1767 1433 1851 recepit

272 1866 453 1932 Verborum
475 1876 582 1932 autem
606 1867 726 1931 ordinis
748 1867 930 1932 immutatio
953 1888 1027 1930 cum
1048 1887 1150 1952 prava
1170 1869 1268 1932 totius
1289 1867 1352 1932 loci
1377 1867 1432 1934 de-

271 1969 462 2035 formatione
477 1970 511 2034 in
525 1969 709 2034 recensione
724 1969 911 2034 Victoriana
932 1978 999 2034 arte
1021 1969 1171 2047 cohaesit,
1195 1970 1316 2056 quippe
1338 1992 1432 2055 quae,

273 2082 309 2138 ut
334 2073 530 2160 adjectivum
560 2072 805 2148 „rnbuniciamo
835 2093 910 2136 cum
936 2071 970 2136 vi
998 2071 1138 2158 quadam
1170 2074 1432 2158 pronuntiaretur

272 2174 410 2260 ideoque
432 2186 506 2240 ante
528 2195 642 2241 vocem
666 2179 896 2259 „potestatem“
920 2182 1102 2260 poneretur,
1117 2174 1309 2259 requireret.

357 2277 508 2363 Denique
531 2298 605 2341 cum
628 2276 797 2360 Wodrigio
820 2277 849 2358 5,
870 2277 922 2358 32,
942 2277 963 2341 3
991 2277 1051 2362 (cf.
1077 2277 1247 2341 Weisseob.
1270 2279 1316 2342 od
1338 2279 1367 2343 b.
1389 2277 1429 2360 l.)

272 2388 358 2444 certe
378 2377 627 2464 praeferendum
649 2386 697 2442 est
721 2379 843 2462 „primo
866 2383 1045 2442 concursu“
1069 2400 1111 2442 ex
1130 2380 1286 2444 constanti
1301 2379 1431 2446 dicendi

271 2503 342 2563 usu,
364 2481 420 2546 ubi
443 2501 592 2567 perverse
607 2480 812 2544 Victorianus
833 2479 885 2544 vel
905 2479 1094 2544 Nicomachi
1115 2481 1311 2568 scripserunt
1336 2503 1430 2565 „con-

272 2605 368 2648 cursu
396 2584 536 2669 primo“;
570 2591 737 2669 praeterea
763 2583 797 2646 in
823 2583 981 2668 proximis
1008 2583 1116 2648 verbis
1143 2605 1254 2650 vocem
1285 2592 1429 2667 „versa“,

272 2708 368 2773 quam
390 2685 586 2750 Veronensis
609 2685 759 2768 servavit,
782 2687 928 2751 omisere.

357 2787 482 2868 Quibus
511 2789 555 2874 (4,
576 2787 627 2869 56,
651 2787 705 2870 133
728 2790 757 2866 5,
779 2790 831 2871 32,
851 2790 885 2874 3)
912 2786 1040 2869 similis,
1070 2809 1144 2852 cum
1172 2790 1258 2853 sicut
1282 2789 1316 2851 in
1342 2798 1429 2854 ante-

272 2890 459 2956 cedentibus
492 2890 618 2955 duobus
651 2889 806 2975 exemplis
838 2890 981 2958 alterum.
998 2890 1202 2956 Victorianus
1234 2891 1432 2954 recensionis

271 2993 388 3057 vitium
412 2999 495 3076 („est
517 2994 692 3057 ocneaaml‘
714 3015 777 3076 pro
803 3003 851 3078 „et
864 2997 1038 3058 venenam“
1056 2994 1098 3078 cf.
1115 2995 1256 3080 Madvig
1270 2995 1341 3064 Em,
1357 2994 1429 3058 Isiu.

267 3096 457 3183 pa9.105),
480 3093 566 3179 quod
587 3117 607 3158 a
628 3093 806 3159 Veronensi
826 3095 927 3178 abest,
950 3096 1111 3161 detectum
1133 3097 1184 3177 sit,
1205 3095 1430 3183 adjungendus

272 3206 322 3262 est
342 3197 431 3261 locus
454 3197 484 3279 3,
505 3196 556 3279 67,
579 3199 609 3278 6,
637 3219 700 3283 quo
723 3197 907 3283 Madvigius
937 3208 968 3262 et
989 3198 1208 3264 Mommsenus
1237 3197 1331 3261 simul
1357 3219 1430 3261 cum

271 3309 382 3388 aperta
402 3298 457 3364 illa
474 3299 719 3386 interpolatione
734 3301 830 3366 etiam
844 3300 1017 3368 verborum
1032 3301 1176 3365 ordinem
1193 3301 1301 3384 „urbis
1315 3301 1429 3388 hujus“

272 3427 331 3490 pro
353 3404 548 3469 Veronensis
576 3404 738 3490 scriptura
765 3403 879 3490 „hujus
907 3402 1018 3467 urbis<⁴
1040 3405 1206 3468 inventum
1228 3402 1429 3488 expulerunt.

272 3506 556 3572 Weissenbornius
579 3515 690 3570 contra
714 3504 839 3590 locum,
869 3505 909 3576 de
939 3527 1001 3592 quo
1030 3508 1170 3591 agimus,
1200 3506 1241 3570 ad
1263 3508 1293 3588 4,
1315 3507 1366 3588 25,
1391 3506 1431 3570 13

275 3608 335 3694 (cf.
360 3630 444 3694 pap.
474 3610 534 3689 40)
569 3608 677 3690 affert,
711 3629 774 3693 quo
805 3611 995 3674 sententiam
1030 3629 1138 3691 suam,
1175 3610 1303 3694 saepius
1331 3608 1431 3672 Vero-

272 3711 379 3776 nensis
400 3709 565 3774 librarium
588 3711 741 3774 rariorem
763 3709 1005 3776 collocationem
1027 3719 1178 3794 mutasse,
1198 3708 1323 3797 probet.
1365 3709 1431 3775 Sed

272 3834 337 3878 non
359 3812 528 3898 intellego,
542 3897 544 3900 ι
558 3812 718 3899 quomodo
743 3811 796 3878 ille
819 3812 1015 3880 delectione
1038 3813 1151 3900 „hujus
1173 3813 1281 3878 urbis“
1304 3812 1431 3877 ratione

271 3916 441 4000 proximae
464 3913 719 4000 interpolationis
743 3914 855 3982 habita
883 3915 1030 3983 dubitare
1058 3918 1212 4004 potuerit,
1240 3915 1431 4000 praesertim

271 4038 347 4082 cum
375 4017 646 4082 extraordinariae
673 4018 842 4102 positionis
871 4016 978 4102 „urbis
1003 4019 1116 4105 hujus“
1139 4041 1203 4082 non
1224 4017 1321 4082 modo
1343 4015 1433 4081 nulla

274 4142 373 4184 causa
394 4129 565 4206 appareat,
588 4119 644 4184 sed
667 4121 764 4185 etiam
785 4121 921 4206 probata
943 4141 981 4184 ea
1002 4121 1092 4184 vocis
1116 4125 1325 4204 „venenum“,
1348 4141 1432 4206 quae

273 4222 372 4286 multo
394 4223 525 4310 majoris
547 4225 701 4288 momenti
722 4233 771 4288 est
793 4245 889 4309 quam
903 4245 1081 4310 pronomen
1099 4221 1242 4310 ,hujus“,
1264 4224 1313 4289 vis
1328 4223 1432 4287 minu-

272 4333 344 4388 atur
366 4346 528 4412 sonusque
550 4326 722 4392 verborum
743 4324 850 4409 „urbis
870 4325 985 4413 hujus“
1002 4325 1063 4392 hoc
1079 4326 1190 4392 ordine
1204 4327 1362 4414 pessimus
1379 4325 1431 4390 sit.
