<?xml version="1.0" encoding="UTF-8"?>
<!DOCTYPE html PUBLIC "-//W3C//DTD XHTML 1.0 Transitional//EN"
    "http://www.w3.org/TR/xhtml1/DTD/xhtml1-transitional.dtd">
<html xmlns="http://www.w3.org/1999/xhtml" xml:lang="en" lang="en">
 <head>
  <title>
</title>
<meta http-equiv="Content-Type" content="text/html;charset=utf-8" />
  <meta name='ocr-system' content='tesseract 3.04.00' />
  <meta name='ocr-capabilities' content='ocr_page ocr_carea ocr_par ocr_line ocrx_word'/>
</head>
<body>
  <div class='ocr_page' id='page_1' title='image "./defidecodicisve00junggoog_0010.png"; bbox 0 0 3200 5030; ppageno 0'>
   <div class='ocr_carea' id='block_1_1' title="bbox 186 1277 1290 1389">
    <p class='ocr_par' dir='ltr' id='par_1_1' title="bbox 186 1277 1290 1389">
     <span class='ocr_line' id='line_1_1' title="bbox 186 1277 1290 1389; baseline 0.005 -6"><span class='ocrx_word' id='word_1_1' title='bbox 186 1277 297 1383; x_wconf 85' lang='lat' dir='ltr'>De</span> <span class='ocrx_word' id='word_1_2' title='bbox 334 1277 477 1384; x_wconf 85' lang='lat' dir='ltr'>fide</span> <span class='ocrx_word' id='word_1_3' title='bbox 514 1279 789 1388; x_wconf 81' lang='lat' dir='ltr'>codicis</span> <span class='ocrx_word' id='word_1_4' title='bbox 820 1281 1290 1389; x_wconf 76' lang='lat' dir='ltr'>Veronensis</span> 
     </span>
    </p>
   </div>
   <div class='ocr_carea' id='block_1_2' title="bbox 696 1495 771 1538">
    <p class='ocr_par' dir='ltr' id='par_1_2' title="bbox 696 1495 771 1538">
     <span class='ocr_line' id='line_1_2' title="bbox 696 1495 771 1538; baseline 0 0"><span class='ocrx_word' id='word_1_5' title='bbox 696 1495 771 1538; x_wconf 68' lang='lat' dir='ltr'>(tum</span> 
     </span>
    </p>
   </div>
   <div class='ocr_carea' id='block_1_3' title="bbox 302 1611 1179 1767">
    <p class='ocr_par' dir='ltr' id='par_1_3' title="bbox 302 1611 1179 1767">
     <span class='ocr_line' id='line_1_3' title="bbox 302 1611 1179 1767; baseline 0.003 -31"><span class='ocrx_word' id='word_1_6' title='bbox 302 1639 573 1738; x_wconf 77' lang='lat' dir='ltr'>recensione</span> <span class='ocrx_word' id='word_1_7' title='bbox 609 1639 885 1738; x_wconf 77' lang='lat' dir='ltr'>Victoriana</span> <span class='ocrx_word' id='word_1_8' title='bbox 919 1611 1179 1767; x_wconf 83' lang='lat' dir='ltr'>comparati</span> 
     </span>
    </p>
   </div>
   <div class='ocr_carea' id='block_1_4' title="bbox 621 1845 858 1944">
    <p class='ocr_par' dir='ltr' id='par_1_4' title="bbox 621 1845 858 1944">
     <span class='ocr_line' id='line_1_4' title="bbox 621 1845 858 1944; baseline 0 -24"><span class='ocrx_word' id='word_1_9' title='bbox 621 1845 745 1944; x_wconf 86' lang='lat' dir='ltr'>capita</span> <span class='ocrx_word' id='word_1_10' title='bbox 772 1845 858 1920; x_wconf 92' lang='lat' dir='ltr'>duo.</span> 
     </span>
    </p>
   </div>
   <div class='ocr_carea' id='block_1_5' title="bbox 153 2082 1325 4344">
    <p class='ocr_par' dir='ltr' id='par_1_5' title="bbox 153 2082 1325 4344">
     <span class='ocr_line' id='line_1_5' title="bbox 181 2082 1318 2204; baseline 0.003 -26"><span class='ocrx_word' id='word_1_11' title='bbox 181 2193 184 2198; x_wconf 25' lang='grc' dir='ltr'>Ι</span> <span class='ocrx_word' id='word_1_12' title='bbox 242 2082 327 2178; x_wconf 82' lang='lat' dir='ltr'>Etsi</span> <span class='ocrx_word' id='word_1_13' title='bbox 347 2112 433 2178; x_wconf 83' lang='lat' dir='ltr'>haud</span> <span class='ocrx_word' id='word_1_14' title='bbox 455 2136 588 2200; x_wconf 82' lang='lat' dir='ltr'>parvam</span> <span class='ocrx_word' id='word_1_15' title='bbox 610 2116 702 2181; x_wconf 85' lang='lat' dir='ltr'>affert</span> <span class='ocrx_word' id='word_1_16' title='bbox 723 2115 967 2200; x_wconf 81' lang='lat' dir='ltr'>dubitationem,</span> <span class='ocrx_word' id='word_1_17' title='bbox 995 2137 1074 2198; x_wconf 87' lang='lat' dir='ltr'>rem,</span> <span class='ocrx_word' id='word_1_18' title='bbox 1103 2114 1144 2180; x_wconf 88' lang='lat' dir='ltr'>dc</span> <span class='ocrx_word' id='word_1_19' title='bbox 1166 2137 1231 2202; x_wconf 81' lang='lat' dir='ltr'>qus</span> <span class='ocrx_word' id='word_1_20' title='bbox 1246 2118 1318 2204; x_wconf 88' lang='lat' dir='ltr'>jam</span> 
     </span>
     <span class='ocr_line' id='line_1_6' title="bbox 154 2215 1317 2303; baseline 0.003 -23"><span class='ocrx_word' id='word_1_21' title='bbox 154 2215 221 2280; x_wconf 95' lang='lat' dir='ltr'>duo</span> <span class='ocrx_word' id='word_1_22' title='bbox 243 2215 388 2281; x_wconf 89' lang='lat' dir='ltr'>homines</span> <span class='ocrx_word' id='word_1_23' title='bbox 411 2215 508 2300; x_wconf 90' lang='lat' dir='ltr'>docti,</span> <span class='ocrx_word' id='word_1_24' title='bbox 529 2217 589 2282; x_wconf 84' lang='lat' dir='ltr'>Th.</span> <span class='ocrx_word' id='word_1_25' title='bbox 605 2217 825 2283; x_wconf 85' lang='lat' dir='ltr'>Mommsenus</span> <span class='ocrx_word' id='word_1_26' title='bbox 841 2221 896 2303; x_wconf 87' lang='lat' dir='ltr'>(T.</span> <span class='ocrx_word' id='word_1_27' title='bbox 911 2219 1002 2284; x_wconf 82' lang='lat' dir='ltr'>Livii</span> <span class='ocrx_word' id='word_1_28' title='bbox 1024 2219 1167 2284; x_wconf 72' lang='lat' dir='ltr'>absorbe</span> <span class='ocrx_word' id='word_1_29' title='bbox 1181 2219 1317 2284; x_wconf 86' lang='lat' dir='ltr'>condito</span> 
     </span>
     <span class='ocr_line' id='line_1_7' title="bbox 154 2319 1325 2408; baseline 0.005 -27"><span class='ocrx_word' id='word_1_30' title='bbox 154 2319 226 2384; x_wconf 83' lang='lat' dir='ltr'>Lib.</span> <span class='ocrx_word' id='word_1_31' title='bbox 247 2319 345 2382; x_wconf 86' lang='grc' dir='ltr'><em>ΙΙΙ-</em></span> <span class='ocrx_word' id='word_1_32' title='bbox 354 2319 404 2401; x_wconf 88' lang='lat' dir='ltr'>Vl,</span> <span class='ocrx_word' id='word_1_33' title='bbox 435 2342 519 2404; x_wconf 83' lang='lat' dir='ltr'>quoe</span> <span class='ocrx_word' id='word_1_34' title='bbox 546 2331 723 2408; x_wconf 82' lang='lat' dir='ltr'>supersunt</span> <span class='ocrx_word' id='word_1_35' title='bbox 742 2324 780 2386; x_wconf 87' lang='lat' dir='ltr'>in</span> <span class='ocrx_word' id='word_1_36' title='bbox 803 2323 911 2387; x_wconf 84' lang='lat' dir='ltr'>codice</span> <span class='ocrx_word' id='word_1_37' title='bbox 933 2323 1091 2406; x_wconf 69' lang='lat' dir='ltr'>rescripto</span> <span class='ocrx_word' id='word_1_38' title='bbox 1121 2321 1325 2387; x_wconf 78' lang='lat' dir='ltr'>Veronensi:¹</span> 
     </span>
     <span class='ocr_line' id='line_1_8' title="bbox 155 2421 1317 2506; baseline 0.004 -22"><span class='ocrx_word' id='word_1_39' title='bbox 155 2421 330 2506; x_wconf 76' lang='lat' dir='ltr'>descripsit</span> <span class='ocrx_word' id='word_1_40' title='bbox 341 2432 371 2484; x_wconf 83' lang='lat' dir='ltr'>et</span> <span class='ocrx_word' id='word_1_41' title='bbox 381 2422 484 2488; x_wconf 80' lang='lat' dir='ltr'>edidit</span> <span class='ocrx_word' id='word_1_42' title='bbox 496 2424 553 2488; x_wconf 81' lang='lat' dir='ltr'>Tt.</span> <span class='ocrx_word' id='word_1_43' title='bbox 562 2424 751 2503; x_wconf 77' lang='lat' dir='ltr'>Mommsen,</span> <span class='ocrx_word' id='word_1_44' title='bbox 763 2423 929 2492; x_wconf 68' lang='lat' dir='ltr'>Attoniti.</span> <span class='ocrx_word' id='word_1_45' title='bbox 941 2425 1001 2489; x_wconf 80' lang='lat' dir='ltr'>der</span> <span class='ocrx_word' id='word_1_46' title='bbox 1011 2423 1087 2488; x_wconf 82' lang='lat' dir='ltr'>beri.</span> <span class='ocrx_word' id='word_1_47' title='bbox 1095 2423 1204 2488; x_wconf 76' lang='lat' dir='ltr'>Atat.</span> <span class='ocrx_word' id='word_1_48' title='bbox 1218 2424 1317 2506; x_wconf 88' lang='lat'><em>1868)</em></span> 
     </span>
     <span class='ocr_line' id='line_1_9' title="bbox 154 2523 1316 2612; baseline 0.001 -24"><span class='ocrx_word' id='word_1_49' title='bbox 154 2532 188 2588; x_wconf 87' lang='lat' dir='ltr'>et</span> <span class='ocrx_word' id='word_1_50' title='bbox 208 2523 398 2608; x_wconf 83' lang='lat' dir='ltr'>Wodrigius</span> <span class='ocrx_word' id='word_1_51' title='bbox 422 2525 491 2607; x_wconf 87' lang='lat' dir='ltr'>(De</span> <span class='ocrx_word' id='word_1_52' title='bbox 513 2525 636 2590; x_wconf 84' lang='lat' dir='ltr'>codicis</span> <span class='ocrx_word' id='word_1_53' title='bbox 659 2525 850 2590; x_wconf 74' lang='lat' dir='ltr'>Veronensis</span> <span class='ocrx_word' id='word_1_54' title='bbox 873 2528 1066 2591; x_wconf 77' lang='lat' dir='ltr'>anctoritate</span> <span class='ocrx_word' id='word_1_55' title='bbox 1090 2523 1316 2612; x_wconf 79' lang='lat' dir='ltr'>Grypbiswal-</span> 
     </span>
     <span class='ocr_line' id='line_1_10' title="bbox 153 2624 1318 2710; baseline 0.002 -21"><span class='ocrx_word' id='word_1_56' title='bbox 153 2625 231 2691; x_wconf 85' lang='lat' dir='ltr'>diae</span> <span class='ocrx_word' id='word_1_57' title='bbox 255 2624 354 2707; x_wconf 82' lang='lat'>1873)</span> <span class='ocrx_word' id='word_1_58' title='bbox 377 2626 605 2707; x_wconf 77' lang='lat' dir='ltr'>disseruerunt,</span> <span class='ocrx_word' id='word_1_59' title='bbox 629 2625 734 2690; x_wconf 90' lang='lat' dir='ltr'>denuo</span> <span class='ocrx_word' id='word_1_60' title='bbox 756 2627 922 2710; x_wconf 87' lang='lat' dir='ltr'>attingere,</span> <span class='ocrx_word' id='word_1_61' title='bbox 944 2635 1052 2690; x_wconf 87' lang='lat' dir='ltr'>tamen</span> <span class='ocrx_word' id='word_1_62' title='bbox 1074 2624 1157 2690; x_wconf 88' lang='lat' dir='ltr'>duae</span> <span class='ocrx_word' id='word_1_63' title='bbox 1177 2628 1318 2692; x_wconf 83' lang='lat' dir='ltr'>rationes</span> 
     </span>
     <span class='ocr_line' id='line_1_11' title="bbox 153 2726 1318 2812; baseline 0.003 -24"><span class='ocrx_word' id='word_1_64' title='bbox 153 2747 207 2788; x_wconf 90' lang='lat' dir='ltr'>me</span> <span class='ocrx_word' id='word_1_65' title='bbox 230 2737 441 2807; x_wconf 86' lang='lat' dir='ltr'>commovent,</span> <span class='ocrx_word' id='word_1_66' title='bbox 464 2736 500 2792; x_wconf 88' lang='lat' dir='ltr'>ut</span> <span class='ocrx_word' id='word_1_67' title='bbox 521 2749 568 2810; x_wconf 82' lang='lat' dir='ltr'>ee,</span> <span class='ocrx_word' id='word_1_68' title='bbox 590 2747 674 2812; x_wconf 85' lang='lat' dir='ltr'>quac</span> <span class='ocrx_word' id='word_1_69' title='bbox 696 2726 815 2790; x_wconf 89' lang='lat' dir='ltr'>diutius</span> <span class='ocrx_word' id='word_1_70' title='bbox 838 2729 871 2790; x_wconf 93' lang='lat' dir='ltr'>in</span> <span class='ocrx_word' id='word_1_71' title='bbox 893 2727 1015 2791; x_wconf 89' lang='lat' dir='ltr'>codicis</span> <span class='ocrx_word' id='word_1_72' title='bbox 1030 2727 1225 2792; x_wconf 81' lang='lat' dir='ltr'>Veronensis</span> <span class='ocrx_word' id='word_1_73' title='bbox 1243 2749 1318 2793; x_wconf 93' lang='lat' dir='ltr'>con·</span> 
     </span>
     <span class='ocr_line' id='line_1_12' title="bbox 153 2825 1318 2914; baseline 0.004 -25"><span class='ocrx_word' id='word_1_74' title='bbox 153 2825 314 2893; x_wconf 83' lang='lat' dir='ltr'>dicionem</span> <span class='ocrx_word' id='word_1_75' title='bbox 344 2828 535 2913; x_wconf 89' lang='lat' dir='ltr'>inquirendo</span> <span class='ocrx_word' id='word_1_76' title='bbox 561 2828 749 2910; x_wconf 88' lang='lat' dir='ltr'>invenerim,</span> <span class='ocrx_word' id='word_1_77' title='bbox 777 2850 836 2914; x_wconf 93' lang='lat' dir='ltr'>pro</span> <span class='ocrx_word' id='word_1_78' title='bbox 864 2828 948 2894; x_wconf 87' lang='lat' dir='ltr'>virili</span> <span class='ocrx_word' id='word_1_79' title='bbox 969 2838 1061 2914; x_wconf 84' lang='lat' dir='ltr'>parte</span> <span class='ocrx_word' id='word_1_80' title='bbox 1082 2826 1223 2894; x_wconf 88' lang='lat' dir='ltr'>breviter</span> <span class='ocrx_word' id='word_1_81' title='bbox 1244 2851 1318 2914; x_wconf 84' lang='lat' dir='ltr'>pro-</span> 
     </span>
     <span class='ocr_line' id='line_1_13' title="bbox 153 2929 1318 3018; baseline 0.003 -25"><span class='ocrx_word' id='word_1_82' title='bbox 153 2950 284 3014; x_wconf 83' lang='lat' dir='ltr'>ponam.</span> <span class='ocrx_word' id='word_1_83' title='bbox 321 2931 371 2994; x_wconf 92' lang='lat' dir='ltr'>Ac</span> <span class='ocrx_word' id='word_1_84' title='bbox 393 2931 534 3016; x_wconf 88' lang='lat' dir='ltr'>primum</span> <span class='ocrx_word' id='word_1_85' title='bbox 553 2929 694 3018; x_wconf 89' lang='lat' dir='ltr'>quidem,</span> <span class='ocrx_word' id='word_1_86' title='bbox 716 2953 792 2994; x_wconf 91' lang='lat' dir='ltr'>cum</span> <span class='ocrx_word' id='word_1_87' title='bbox 807 2931 883 2995; x_wconf 87' lang='lat' dir='ltr'>satis</span> <span class='ocrx_word' id='word_1_88' title='bbox 899 2938 1033 3013; x_wconf 87' lang='lat' dir='ltr'>constet,</span> <span class='ocrx_word' id='word_1_89' title='bbox 1057 2930 1201 2997; x_wconf 84' lang='lat' dir='ltr'>codicem</span> <span class='ocrx_word' id='word_1_90' title='bbox 1218 2931 1318 2996; x_wconf 89' lang='lat' dir='ltr'>Vero-</span> 
     </span>
     <span class='ocr_line' id='line_1_14' title="bbox 154 3031 1317 3118; baseline 0.003 -24"><span class='ocrx_word' id='word_1_91' title='bbox 154 3035 289 3095; x_wconf 77' lang='lat' dir='ltr'>nensem</span> <span class='ocrx_word' id='word_1_92' title='bbox 304 3031 346 3096; x_wconf 87' lang='lat' dir='ltr'>ad</span> <span class='ocrx_word' id='word_1_93' title='bbox 360 3031 457 3096; x_wconf 86' lang='lat' dir='ltr'>aliam</span> <span class='ocrx_word' id='word_1_94' title='bbox 471 3034 692 3098; x_wconf 86' lang='lat' dir='ltr'>recensionem</span> <span class='ocrx_word' id='word_1_95' title='bbox 707 3034 812 3098; x_wconf 87' lang='lat' dir='ltr'>redire</span> <span class='ocrx_word' id='word_1_96' title='bbox 828 3032 889 3118; x_wconf 86' lang='lat' dir='ltr'>(ef.</span> <span class='ocrx_word' id='word_1_97' title='bbox 905 3033 1082 3097; x_wconf 78' lang='lat' dir='ltr'>Mommsen</span> <span class='ocrx_word' id='word_1_98' title='bbox 1096 3033 1117 3097; x_wconf 84' lang='lat' dir='ltr'>l.</span> <span class='ocrx_word' id='word_1_99' title='bbox 1135 3034 1166 3097; x_wconf 91' lang='lat' dir='ltr'>d.</span> <span class='ocrx_word' id='word_1_100' title='bbox 1177 3055 1215 3117; x_wconf 82' lang='lat' dir='ltr'>p.</span> <span class='ocrx_word' id='word_1_101' title='bbox 1234 3034 1317 3115; x_wconf 84' lang='grc'>176)</span> 
     </span>
     <span class='ocr_line' id='line_1_15' title="bbox 154 3132 1316 3221; baseline 0.001 -25"><span class='ocrx_word' id='word_1_102' title='bbox 154 3142 251 3219; x_wconf 86' lang='lat' dir='ltr'>atque</span> <span class='ocrx_word' id='word_1_103' title='bbox 279 3132 388 3216; x_wconf 89' lang='lat' dir='ltr'>libros,</span> <span class='ocrx_word' id='word_1_104' title='bbox 418 3135 473 3221; x_wconf 92' lang='lat' dir='ltr'>qui</span> <span class='ocrx_word' id='word_1_105' title='bbox 500 3133 771 3221; x_wconf 87' lang='lat' dir='ltr'>subscriptionem</span> <span class='ocrx_word' id='word_1_106' title='bbox 787 3135 970 3214; x_wconf 64' lang='lat' dir='ltr'>¹Victoriani</span> <span class='ocrx_word' id='word_1_107' title='bbox 992 3143 1024 3199; x_wconf 90' lang='lat' dir='ltr'>et</span> <span class='ocrx_word' id='word_1_108' title='bbox 1044 3133 1316 3199; x_wconf 88' lang='lat' dir='ltr'>Nicomachorum</span> 
     </span>
     <span class='ocr_line' id='line_1_16' title="bbox 155 3233 1317 3324; baseline 0.003 -26"><span class='ocrx_word' id='word_1_109' title='bbox 155 3233 274 3299; x_wconf 84' lang='lat' dir='ltr'>hebent</span> <span class='ocrx_word' id='word_1_110' title='bbox 296 3237 415 3322; x_wconf 90' lang='lat' dir='ltr'>quique</span> <span class='ocrx_word' id='word_1_111' title='bbox 437 3237 544 3302; x_wconf 92' lang='lat' dir='ltr'>adhuc</span> <span class='ocrx_word' id='word_1_112' title='bbox 564 3239 688 3324; x_wconf 88' lang='lat' dir='ltr'>primae</span> <span class='ocrx_word' id='word_1_113' title='bbox 709 3237 839 3302; x_wconf 87' lang='lat' dir='ltr'>decadis</span> <span class='ocrx_word' id='word_1_114' title='bbox 860 3246 969 3300; x_wconf 87' lang='lat' dir='ltr'>textus</span> <span class='ocrx_word' id='word_1_115' title='bbox 984 3234 1114 3301; x_wconf 89' lang='lat' dir='ltr'>fuerunt</span> <span class='ocrx_word' id='word_1_116' title='bbox 1128 3236 1317 3301; x_wconf 82' lang='lat' dir='ltr'>fundamen-</span> 
     </span>
     <span class='ocr_line' id='line_1_17' title="bbox 154 3338 1317 3423; baseline 0.003 -23"><span class='ocrx_word' id='word_1_117' title='bbox 154 3343 233 3417; x_wconf 86' lang='lat' dir='ltr'>tum,</span> <span class='ocrx_word' id='word_1_118' title='bbox 262 3348 336 3423; x_wconf 87' lang='lat' dir='ltr'>post</span> <span class='ocrx_word' id='word_1_119' title='bbox 361 3341 460 3404; x_wconf 87' lang='lat' dir='ltr'>totius</span> <span class='ocrx_word' id='word_1_120' title='bbox 482 3339 602 3404; x_wconf 88' lang='lat' dir='ltr'>codicis</span> <span class='ocrx_word' id='word_1_121' title='bbox 625 3338 798 3404; x_wconf 87' lang='lat' dir='ltr'>editionem</span> <span class='ocrx_word' id='word_1_122' title='bbox 822 3360 841 3402; x_wconf 83' lang='lat' dir='ltr'>a</span> <span class='ocrx_word' id='word_1_123' title='bbox 863 3338 1065 3402; x_wconf 89' lang='lat' dir='ltr'>Mommseno</span> <span class='ocrx_word' id='word_1_124' title='bbox 1088 3347 1240 3403; x_wconf 88' lang='lat' dir='ltr'>accurate</span> <span class='ocrx_word' id='word_1_125' title='bbox 1262 3338 1317 3404; x_wconf 83' lang='lat' dir='ltr'>ab·</span> 
     </span>
     <span class='ocr_line' id='line_1_18' title="bbox 155 3437 1317 3524; baseline 0.001 -21"><span class='ocrx_word' id='word_1_126' title='bbox 155 3438 293 3504; x_wconf 86' lang='lat' dir='ltr'>solutam</span> <span class='ocrx_word' id='word_1_127' title='bbox 315 3450 388 3505; x_wconf 91' lang='lat' dir='ltr'>ante</span> <span class='ocrx_word' id='word_1_128' title='bbox 411 3442 518 3505; x_wconf 84' lang='lat' dir='ltr'>omnia</span> <span class='ocrx_word' id='word_1_129' title='bbox 539 3440 609 3505; x_wconf 89' lang='lat' dir='ltr'>fieri</span> <span class='ocrx_word' id='word_1_130' title='bbox 631 3439 752 3522; x_wconf 87' lang='lat' dir='ltr'>debuit,</span> <span class='ocrx_word' id='word_1_131' title='bbox 775 3448 811 3504; x_wconf 91' lang='lat' dir='ltr'>ut</span> <span class='ocrx_word' id='word_1_132' title='bbox 825 3440 1044 3524; x_wconf 84' lang='lat' dir='ltr'>discrepantes</span> <span class='ocrx_word' id='word_1_133' title='bbox 1060 3437 1194 3503; x_wconf 85' lang='lat' dir='ltr'>duarum</span> <span class='ocrx_word' id='word_1_134' title='bbox 1209 3461 1317 3505; x_wconf 88' lang='lat' dir='ltr'>recen-</span> 
     </span>
     <span class='ocr_line' id='line_1_19' title="bbox 155 3541 1318 3627; baseline 0.001 -23"><span class='ocrx_word' id='word_1_135' title='bbox 155 3541 283 3606; x_wconf 88' lang='lat' dir='ltr'>sionum</span> <span class='ocrx_word' id='word_1_136' title='bbox 303 3542 456 3608; x_wconf 86' lang='lat' dir='ltr'>lectiones</span> <span class='ocrx_word' id='word_1_137' title='bbox 477 3544 511 3605; x_wconf 93' lang='lat' dir='ltr'>in</span> <span class='ocrx_word' id='word_1_138' title='bbox 533 3542 663 3607; x_wconf 90' lang='lat' dir='ltr'>diversa</span> <span class='ocrx_word' id='word_1_139' title='bbox 684 3564 803 3627; x_wconf 84' lang='lat' dir='ltr'>genera</span> <span class='ocrx_word' id='word_1_140' title='bbox 824 3541 1091 3608; x_wconf 88' lang='lat' dir='ltr'>distribuerentur</span> <span class='ocrx_word' id='word_1_141' title='bbox 1112 3551 1210 3627; x_wconf 88' lang='lat' dir='ltr'>atque</span> <span class='ocrx_word' id='word_1_142' title='bbox 1231 3543 1318 3606; x_wconf 90' lang='lat' dir='ltr'>simi-</span> 
     </span>
     <span class='ocr_line' id='line_1_20' title="bbox 154 3640 1317 3732; baseline 0 -26"><span class='ocrx_word' id='word_1_143' title='bbox 154 3640 240 3709; x_wconf 92' lang='lat' dir='ltr'>libus</span> <span class='ocrx_word' id='word_1_144' title='bbox 268 3643 347 3708; x_wconf 88' lang='lat' dir='ltr'>locis</span> <span class='ocrx_word' id='word_1_145' title='bbox 373 3646 493 3732; x_wconf 91' lang='lat' dir='ltr'>ubique</span> <span class='ocrx_word' id='word_1_146' title='bbox 523 3646 715 3730; x_wconf 86' lang='lat' dir='ltr'>comparatis</span> <span class='ocrx_word' id='word_1_147' title='bbox 744 3645 784 3709; x_wconf 89' lang='lat' dir='ltr'>de</span> <span class='ocrx_word' id='word_1_148' title='bbox 813 3646 1002 3709; x_wconf 83' lang='lat' dir='ltr'>auctoritate</span> <span class='ocrx_word' id='word_1_149' title='bbox 1028 3665 1137 3708; x_wconf 85' lang='lat' dir='ltr'>earum</span> <span class='ocrx_word' id='word_1_150' title='bbox 1155 3642 1317 3730; x_wconf 90' lang='lat' dir='ltr'>judicium</span> 
     </span>
     <span class='ocr_line' id='line_1_21' title="bbox 155 3745 1317 3828; baseline -0.001 -19"><span class='ocrx_word' id='word_1_151' title='bbox 155 3747 209 3809; x_wconf 83' lang='lat' dir='ltr'>via</span> <span class='ocrx_word' id='word_1_152' title='bbox 237 3767 276 3809; x_wconf 88' lang='lat' dir='ltr'>ac</span> <span class='ocrx_word' id='word_1_153' title='bbox 305 3747 427 3811; x_wconf 88' lang='lat' dir='ltr'>ratione</span> <span class='ocrx_word' id='word_1_154' title='bbox 455 3747 602 3812; x_wconf 87' lang='lat' dir='ltr'>ferretur.</span> <span class='ocrx_word' id='word_1_155' title='bbox 647 3745 711 3812; x_wconf 87' lang='lat' dir='ltr'>Sed</span> <span class='ocrx_word' id='word_1_156' title='bbox 733 3747 965 3828; x_wconf 88' lang='lat' dir='ltr'>Mommsenus,</span> <span class='ocrx_word' id='word_1_157' title='bbox 996 3769 1070 3812; x_wconf 91' lang='lat' dir='ltr'>cum</span> <span class='ocrx_word' id='word_1_158' title='bbox 1093 3745 1173 3809; x_wconf 85' lang='lat' dir='ltr'>vitia</span> <span class='ocrx_word' id='word_1_159' title='bbox 1195 3745 1317 3809; x_wconf 90' lang='lat' dir='ltr'>codicis</span> 
     </span>
     <span class='ocr_line' id='line_1_22' title="bbox 155 3846 1317 3935; baseline 0.001 -24"><span class='ocrx_word' id='word_1_160' title='bbox 155 3846 232 3917; x_wconf 84' lang='lat' dir='ltr'>Ver.</span> <span class='ocrx_word' id='word_1_161' title='bbox 249 3870 374 3914; x_wconf 89' lang='lat' dir='ltr'>summa</span> <span class='ocrx_word' id='word_1_162' title='bbox 388 3848 554 3934; x_wconf 83' lang='lat' dir='ltr'>diligentia</span> <span class='ocrx_word' id='word_1_163' title='bbox 569 3848 732 3935; x_wconf 87' lang='lat' dir='ltr'>colligeret</span> <span class='ocrx_word' id='word_1_164' title='bbox 746 3849 899 3935; x_wconf 56' lang='lat' dir='ltr'>(ffpap.</span> <span class='ocrx_word' id='word_1_165' title='bbox 917 3849 977 3912; x_wconf 84' lang='lat'>173</span> <span class='ocrx_word' id='word_1_166' title='bbox 988 3870 1071 3934; x_wconf 76' lang='lat' dir='ltr'>seqq.</span> <span class='ocrx_word' id='word_1_167' title='bbox 1086 3857 1115 3913; x_wconf 85' lang='lat' dir='ltr'>et</span> <span class='ocrx_word' id='word_1_168' title='bbox 1132 3847 1192 3911; x_wconf 88' lang='lat'>181</span> <span class='ocrx_word' id='word_1_169' title='bbox 1203 3850 1317 3932; x_wconf 69' lang='lat' dir='ltr'>sepe),</span> 
     </span>
     <span class='ocr_line' id='line_1_23' title="bbox 155 3933 1318 4037; baseline -0.002 -25"><span class='ocrx_word' id='word_1_170' title='bbox 155 3947 252 4034; x_wconf 89' lang='lat' dir='ltr'>locos,</span> <span class='ocrx_word' id='word_1_171' title='bbox 276 3933 393 4037; x_wconf 87' lang='lat' dir='ltr'>quibus</span> <span class='ocrx_word' id='word_1_172' title='bbox 414 3951 506 4016; x_wconf 86' lang='lat' dir='ltr'>alteri</span> <span class='ocrx_word' id='word_1_173' title='bbox 527 3953 706 4017; x_wconf 89' lang='lat' dir='ltr'>recensioni</span> <span class='ocrx_word' id='word_1_174' title='bbox 720 3960 907 4037; x_wconf 81' lang='lat' dir='ltr'>praestaret,</span> <span class='ocrx_word' id='word_1_175' title='bbox 929 3949 1104 4034; x_wconf 87' lang='lat' dir='ltr'>permultos</span> <span class='ocrx_word' id='word_1_176' title='bbox 1119 3947 1171 4013; x_wconf 91' lang='lat' dir='ltr'>ille</span> <span class='ocrx_word' id='word_1_177' title='bbox 1186 3947 1318 4033; x_wconf 90' lang='lat' dir='ltr'>quidem</span> 
     </span>
     <span class='ocr_line' id='line_1_24' title="bbox 154 4051 1318 4139; baseline 0 -25"><span class='ocrx_word' id='word_1_178' title='bbox 154 4054 366 4136; x_wconf 81' lang='lat' dir='ltr'>enumeravit,</span> <span class='ocrx_word' id='word_1_179' title='bbox 389 4075 501 4118; x_wconf 89' lang='lat' dir='ltr'>verum</span> <span class='ocrx_word' id='word_1_180' title='bbox 522 4064 558 4119; x_wconf 91' lang='lat' dir='ltr'>ut</span> <span class='ocrx_word' id='word_1_181' title='bbox 580 4054 698 4120; x_wconf 79' lang='lat' dir='ltr'>classes</span> <span class='ocrx_word' id='word_1_182' title='bbox 721 4051 1009 4139; x_wconf 86' lang='lat' dir='ltr'>discrepantiarum</span> <span class='ocrx_word' id='word_1_183' title='bbox 1032 4052 1238 4116; x_wconf 87' lang='lat' dir='ltr'>constitueret</span> <span class='ocrx_word' id='word_1_184' title='bbox 1259 4052 1318 4114; x_wconf 74' lang='lat' dir='ltr'>ita</span> 
     </span>
     <span class='ocr_line' id='line_1_25' title="bbox 155 4152 1317 4243; baseline -0.003 -25"><span class='ocrx_word' id='word_1_185' title='bbox 155 4175 219 4240; x_wconf 89' lang='lat' dir='ltr'>que</span> <span class='ocrx_word' id='word_1_186' title='bbox 241 4155 461 4240; x_wconf 90' lang='lat' dir='ltr'>compluribus</span> <span class='ocrx_word' id='word_1_187' title='bbox 482 4156 639 4242; x_wconf 87' lang='lat' dir='ltr'>exemplis</span> <span class='ocrx_word' id='word_1_188' title='bbox 656 4159 752 4243; x_wconf 84' lang='lat' dir='ltr'>juxta</span> <span class='ocrx_word' id='word_1_189' title='bbox 774 4154 937 4220; x_wconf 88' lang='lat' dir='ltr'>collocatis</span> <span class='ocrx_word' id='word_1_190' title='bbox 959 4153 1159 4240; x_wconf 83' lang='lat' dir='ltr'>singulorum</span> <span class='ocrx_word' id='word_1_191' title='bbox 1182 4152 1317 4236; x_wconf 85' lang='lat' dir='ltr'>scriptu·</span> 
     </span>
     <span class='ocr_line' id='line_1_26' title="bbox 154 4257 1319 4344; baseline -0.004 -23"><span class='ocrx_word' id='word_1_192' title='bbox 154 4279 225 4322; x_wconf 89' lang='lat' dir='ltr'>ram</span> <span class='ocrx_word' id='word_1_193' title='bbox 248 4257 399 4340; x_wconf 88' lang='lat' dir='ltr'>firmaret,</span> <span class='ocrx_word' id='word_1_194' title='bbox 422 4281 553 4344; x_wconf 90' lang='lat' dir='ltr'>operam</span> <span class='ocrx_word' id='word_1_195' title='bbox 573 4280 640 4322; x_wconf 90' lang='lat' dir='ltr'>non</span> <span class='ocrx_word' id='word_1_196' title='bbox 660 4257 827 4344; x_wconf 86' lang='lat' dir='ltr'>impendit.</span> <span class='ocrx_word' id='word_1_197' title='bbox 872 4258 945 4338; x_wconf 78' lang='lat' dir='ltr'>Quo</span> <span class='ocrx_word' id='word_1_198' title='bbox 967 4257 1086 4320; x_wconf 89' lang='lat' dir='ltr'>factum</span> <span class='ocrx_word' id='word_1_199' title='bbox 1109 4264 1167 4337; x_wconf 89' lang='lat' dir='ltr'>est,</span> <span class='ocrx_word' id='word_1_200' title='bbox 1195 4263 1319 4318; x_wconf 91' lang='lat' dir='ltr'>utnon</span> 
     </span>
    </p>
   </div>
   <div class='ocr_carea' id='block_1_6' title="bbox 155 4355 1317 4521">
    <p class='ocr_par' dir='ltr' id='par_1_6' title="bbox 155 4355 1317 4521">
     <span class='ocr_line' id='line_1_27' title="bbox 155 4355 1317 4447; baseline -0.004 -24"><span class='ocrx_word' id='word_1_201' title='bbox 155 4357 259 4424; x_wconf 89' lang='lat' dir='ltr'>solum</span> <span class='ocrx_word' id='word_1_202' title='bbox 280 4361 350 4447; x_wconf 88' lang='lat' dir='ltr'>ipse</span> <span class='ocrx_word' id='word_1_203' title='bbox 372 4361 469 4427; x_wconf 91' lang='lat' dir='ltr'>fidem</span> <span class='ocrx_word' id='word_1_204' title='bbox 491 4359 565 4426; x_wconf 89' lang='lat' dir='ltr'>libri</span> <span class='ocrx_word' id='word_1_205' title='bbox 587 4382 656 4426; x_wconf 91' lang='lat' dir='ltr'>ase</span> <span class='ocrx_word' id='word_1_206' title='bbox 670 4360 749 4424; x_wconf 90' lang='lat' dir='ltr'>editi</span> <span class='ocrx_word' id='word_1_207' title='bbox 763 4382 827 4423; x_wconf 91' lang='lat' dir='ltr'>non</span> <span class='ocrx_word' id='word_1_208' title='bbox 842 4360 919 4424; x_wconf 90' lang='lat' dir='ltr'>satis</span> <span class='ocrx_word' id='word_1_209' title='bbox 933 4359 1126 4441; x_wconf 82' lang='lat' dir='ltr'>aestimaret,</span> <span class='ocrx_word' id='word_1_210' title='bbox 1148 4355 1205 4421; x_wconf 90' lang='lat' dir='ltr'>sed</span> <span class='ocrx_word' id='word_1_211' title='bbox 1220 4357 1317 4422; x_wconf 89' lang='lat' dir='ltr'>etiam</span> 
     </span>
     <span class='ocr_line' id='line_1_28' title="bbox 1089 4461 1103 4521; baseline 0 0"><span class='ocrx_word' id='word_1_212' title='bbox 1089 4461 1103 4521; x_wconf 97' lang='grc'>1</span> 
     </span>
    </p>
   </div>
   <div class='ocr_carea' id='block_1_7' title="bbox 0 0 1605 5030">
    <p class='ocr_par' dir='ltr' id='par_1_7' title="bbox 0 0 1605 5030">
     <span class='ocr_line' id='line_1_29' title="bbox 0 0 1605 5030; baseline 0 0"><span class='ocrx_word' id='word_1_213' title='bbox 0 0 1605 5030; x_wconf 95' lang='lat' dir='ltr'> </span> 
     </span>
    </p>
   </div>
  </div>
 </body>
</html>
