3200 5030
857 355 877 418 2

219 587 223 594 ·
276 558 395 644 judicii
417 558 467 622 sui
488 560 654 642 gravitate,
677 577 760 642 quae
782 557 878 621 etiam
900 555 988 642 apud
1009 555 1212 641 Madvigium
1233 553 1341 637 valuit,
1364 554 1444 621 alios

282 669 410 746 praeter
424 658 631 745 Wodrigium
652 659 693 723 ab
715 659 884 724 intentiore
900 659 1084 746 quaestione
1100 658 1283 723 deterreret.
1315 657 1445 723 Wodri-

283 763 356 847 gius
385 769 508 843 autem,
539 762 664 827 etiamsi
695 760 735 826 de
763 759 925 836 nonnullis
946 759 1145 832 ¹lectionibus
1174 758 1313 845 perbene
1344 762 1444 846 egerit

284 863 345 950 (cf.
364 863 481 928 Philol.
499 863 580 928 Ana.
604 863 655 944 VI,
672 886 756 949 paq.
778 863 936 946 ‹litOllith
958 863 1095 930 Malles:
1118 863 1267 927 Bericbte
1289 864 1344 928 des
1366 863 1443 927 beri.

278 965 398 1050 philol.
429 967 558 1031 Vereins
584 955 665 1030 1873
686 989 771 1052 pap.
794 967 838 1030 95
858 969 971 1052 seqqg),
1001 987 1117 1028 munus
1140 966 1236 1028 totius
1259 966 1444 1030 excutiendi

283 1069 404 1133 codicis
419 1090 484 1133 non
499 1066 646 1148 absolvit,
664 1068 741 1152 quia
756 1069 872 1152 etipse
888 1068 1031 1132 omnium
1046 1064 1201 1148 locorum,
1218 1068 1273 1152 qui
1287 1066 1328 1132 ab
1345 1067 1445 1134 altera

282 1171 471 1236 recensione
496 1167 662 1250 recedunt,
692 1168 893 1234 collationem
914 1170 1080 1234 instituere
1101 1166 1211 1234 noluit.
1255 1170 1346 1250 Quae
1369 1192 1442 1234 cum

282 1273 329 1338 ita
351 1274 423 1354 sint,
446 1271 547 1336 altera
561 1291 667 1353 causa,
690 1293 746 1335 cur
759 1273 958 1337 Veronensis
973 1271 1188 1356 patrocinium
1203 1272 1443 1357 suscipiendum

283 1375 410 1457 ducam,
427 1374 497 1460 jam
518 1372 612 1438 facile
633 1374 775 1460 intellegi
796 1376 923 1459 poterit.
958 1373 1075 1438 Exstat
1096 1375 1181 1438 enim
1202 1373 1288 1438 haud
1306 1376 1445 1460 exiguus

282 1475 426 1541 locorum
452 1499 621 1560 numerus,
655 1477 711 1563 qui
739 1477 773 1540 in
803 1476 1035 1541 constituendis
1064 1476 1149 1541 Livii
1177 1473 1284 1540 verbis
1312 1498 1443 1562 prorsus

282 1579 421 1664 neglecti
437 1588 521 1660 sunt,
534 1600 730 1665 quamquam
742 1578 936 1644 Veronensis
952 1581 1110 1664 scriptura
1123 1578 1282 1663 genuinae
1298 1577 1445 1644 lectionis

284 1683 425 1766 speciem
448 1703 525 1766 prae
541 1704 574 1746 se
588 1682 650 1745 fert
665 1680 716 1745 vel
731 1681 879 1767 proxime
894 1681 936 1744 ad
952 1703 1023 1745 eam
1039 1681 1173 1761 accedit,
1196 1666 1313 1746 deinde
1327 1682 1443 1746 iterum

282 1795 380 1869 atque
402 1784 530 1868 saepius
545 1783 662 1870 judicii
685 1782 843 1869 quaedam
864 1783 1078 1848 inconstantia
1099 1782 1187 1868 apud
1202 1781 1338 1847 editores
1353 1805 1444 1869 prae-

283 1888 378 1972 cipue
408 1885 495 1972 apud
522 1885 823 1951 Weissenbornium
853 1894 902 1949 est
930 1886 963 1948 in
992 1885 1150 1949 eiusmodi
1177 1884 1274 1966 locis,
1308 1906 1444 1970 quorum

283 1990 496 2054 conformatio
518 2009 560 2051 ex
580 1975 649 2051 sola
671 1988 859 2053 auctoritate
881 1988 1009 2073 pendet.
1043 1988 1131 2067 Quin
1153 1987 1205 2052 hio
1219 1988 1254 2050 in
1268 1987 1444 2052 novissima

283 2091 422 2157 editione
437 2090 663 2155 Teubneriana
678 2091 832 2176 (Leipzig
850 2090 948 2171 1879)
964 2089 1158 2155 Veronensis
1173 2090 1338 2172 lectiones,
1362 2110 1441 2175 quas

282 2195 316 2257 in
339 2192 478 2258 editione
497 2190 765 2255 Weidmanniana
780 2193 914 2275 (Berlin
933 2192 1030 2273 1874)
1054 2201 1228 2276 receperat,
1250 2192 1316 2257 fere
1332 2213 1442 2256 omnes

282 2296 378 2382 ejecit
401 2293 460 2379 (ff
483 2294 626 2358 Proceru.
651 2294 705 2356 nd.
728 2294 776 2357 ed.
801 2295 919 2357 Tenbn.
937 2317 1019 2381 pap.
1042 2295 1206 2376 LXXIV).

369 2395 540 2476 Quomodo
568 2416 645 2459 vero
673 2395 771 2476 ratio,
803 2417 886 2481 quae
914 2397 996 2461 inter
1025 2397 1226 2461 recensiones
1255 2396 1441 2480 intercedat,

282 2509 369 2564 recte
392 2509 613 2584 cognoscatur,
635 2495 799 2582 praeclare
821 2497 937 2562 docent
958 2497 1189 2583 Prolegomena
1204 2499 1288 2584 Aug.
1311 2499 1443 2564 Luchsii

283 2601 326 2666 ad
348 2601 520 2666 editionem
547 2600 734 2686 posterioris
762 2600 875 2664 tertiae
898 2598 1028 2664 decadis
1051 2601 1151 2686 partis
1174 2603 1308 2684 (Berlin
1333 2601 1442 2683 1879),

283 2705 340 2791 qui
368 2703 543 2789 dispertitis
569 2704 604 2766 in
633 2701 760 2767 diversa
789 2705 895 2787 capita
916 2703 1014 2767 variis
1041 2703 1196 2768 Puteanei
1223 2714 1255 2769 et
1281 2703 1442 2790 Spirensis

282 2805 474 2872 lectionibus
498 2803 537 2869 de
558 2805 763 2889 gravioribus
786 2803 866 2867 locis
888 2806 958 2890 ipse
980 2805 1165 2890 disputavit,
1187 2804 1355 2870 nonnullos
1373 2804 1442 2868 dili·

282 2908 470 2994 gentissime
493 2904 643 2970 collectos
666 2906 736 2968 aliis
759 2907 977 2971 retractandos
1000 2909 1155 2993 permisit.
1191 2906 1314 2972 Eadem
1336 2909 1442 2972 viaac

284 3012 407 3076 ratione
430 3010 458 3072 si
479 3009 575 3072 etiam
590 3006 787 3071 Veronensis
810 3009 985 3094 scripturas
1007 3010 1048 3073 ab
1070 3007 1267 3095 reliquorum
1288 3008 1442 3074 librorum

285 3132 445 3177 consensu
473 3109 656 3174 recedentes
687 3108 925 3193 contulerimus,
956 3112 996 3176 de
1026 3123 1187 3176 momento
1217 3121 1312 3196 atque
1334 3120 1442 3174 aueto-

283 3217 376 3281 ritate
406 3213 614 3278 vetustissimi
643 3212 781 3294 codicis,
810 3222 896 3277 recte
916 3214 1146 3298 judicabimus.
1196 3212 1259 3278 Sed
1288 3213 1441 3297 quoniam

285 3339 395 3382 omnes
423 3316 644 3381 recensionum
673 3313 904 3400 discrepantias
931 3338 996 3380 uno
1018 3325 1156 3381 tractatu
1184 3299 1355 3400 complecti
1376 3313 1442 3378 lon·

283 3442 362 3505 gum
385 3428 442 3500 est,
465 3419 504 3483 de
527 3418 652 3482 duobus
674 3426 797 3482 tanturn
820 3418 1005 3502 generibus,
1028 3441 1164 3506 quorum
1188 3417 1332 3482 homines
1356 3416 1441 3480 docti

283 3522 448 3586 minimam
469 3518 574 3584 adhuc
594 3519 748 3582 rationem
768 3519 957 3603 habuerunt,
978 3521 1017 3586 de
1032 3520 1204 3586 verborum
1220 3519 1330 3584 ordine
1345 3528 1442 3603 atque

283 3623 327 3688 de
345 3623 455 3686 formis
477 3621 660 3685 verbalibus
672 3623 717 3707 ¹),
732 3623 958 3707 exponendum
979 3623 1116 3688 videtur.

368 3726 559 3809 Priusquam
589 3732 695 3787 autem
725 3724 765 3788 ad
780 3743 782 3746 ·
796 3748 843 3808 ea,
873 3747 955 3810 quae
983 3725 1062 3788 mihi
1087 3725 1251 3811 proposui,
1280 3722 1441 3800 accedam,

284 3829 364 3892 duas
386 3849 436 3891 res
460 3826 619 3910 explicare
637 3825 716 3888 mihi
730 3824 833 3907 liceat,
857 3849 993 3911 quarum
1009 3827 1108 3892 altera
1122 3827 1164 3891 ad
1179 3834 1279 3890 artem
1296 3825 1440 3888 criticam

281 3929 474 4012 faciendam,
486 3927 584 3993 altera
594 3927 635 3992 ad
647 3949 763 3993 nomen
774 3929 978 4012 recensionis,
990 3952 1071 4016 quae
1086 3929 1182 4015 vulgo
1193 3927 1443 3993 Nicomachiana

282 4031 479 4120 appellatur,
508 4032 653 4116 pertinet.
704 4031 811 4110 Quam
840 4033 1106 4116 significationem
1135 4032 1222 4119 apud
1251 4031 1441 4096 recentiores

360 4176 383 4244 ¹)
402 4176 524 4226 Exclusis
543 4177 643 4241 paucis,
662 4177 708 4226 ubi
727 4176 800 4226 verbi
818 4177 903 4228 forma
922 4183 1029 4244 propter
1047 4180 1195 4244 graviorm
1213 4178 1294 4228 totius
1311 4175 1440 4226 enuntiati

282 4269 513 4334 interpolationem
533 4283 549 4317 a
567 4267 719 4318 victoriano
739 4268 782 4318 vel
801 4269 969 4320 Nicomachis
988 4270 1083 4320 mutari
1103 4271 1193 4320 debuit
1210 4269 1283 4319 velut
1303 4269 1328 4332 3,
1346 4265 1389 4330 64,
1407 4267 1441 4314 10

285 4359 332 4426 (cf.
352 4359 470 4410 Montana.
493 4359 510 4411 l.
529 4358 557 4410 d.
573 4374 638 4424 pap.
660 4358 742 4422 190),·
762 4360 787 4424 4,
810 4359 852 4425 12,
875 4362 907 4411 10
928 4361 974 4428 (cf.
989 4360 1107 4414 Momms.
1124 4379 1188 4428 pap.
1204 4361 1287 4424 194),·
1308 4360 1333 4422 ὁ,
1353 4359 1397 4420 33,
1411 4357 1439 4407 3.
