3200 5030
827 348 869 412 46

772 437 921 448 ..m—‘-

195 595 230 650 ·
351 549 438 614 Loco
466 551 497 632 ὃ,
519 550 570 632 31,
591 550 611 614 2
638 551 749 628 [Vens
780 551 935 634 „Marcus
962 547 1122 631 Manliae,
1152 551 1208 612 cai
1239 547 1428 632 Capitolino
1594 575 1595 626 3

258 651 334 738 fuit
344 661 462 736 postea
477 656 695 738 cognomea“,·
716 599 807 716 ma:
822 653 977 740 „Marcus
992 649 1153 732 Manlr'ao,
1169 673 1223 716 cm
1218 651 1428 734 'Capitolino
1515 645 1595 778 ι

262 763 380 839 postea
392 752 467 839 fuit
489 758 703 840 cognomen&
730 753 844 818 Livius
874 761 983 840 aperte
1012 751 1142 817 annales
1163 754 1356 817 recentiores
1378 775 1428 818 se·
1594 805 1595 843 ,

268 859 416 943 quitur(
400 854 460 940 (ef
477 857 653 921 Mommsen
676 857 811 920 Hermes
830 857 862 938 V,
877 856 958 936 247;
980 854 1180 942 Scbmepler:
1201 857 1294 920 Rem.
1311 853 1428 920 Gescb.

268 959 332 1042 III,
360 959 451 1040 ⁶258),
488 959 521 1021 in
558 979 638 1044 quos
673 959 813 1022 narratio
849 958 936 1022 haud
972 955 1070 1021 dubie
1106 955 1187 1020 falsa
1223 957 1311 1022 illata
1347 968 1426 1040 erat,

267 1060 312 1126 M.
334 1060 454 1126 Manlio
481 1080 501 1123 a
530 1069 656 1126 servato
686 1059 846 1147 Capitolio
877 1057 1059 1146 Capitolino
1089 1080 1266 1145 cognomen
1288 1081 1357 1124 esse
1378 1061 1438 1132 in<

268 1161 380 1228 ditum.
423 1160 532 1249 Atque
562 1162 640 1226 mibi
670 1163 801 1249 quidem
828 1161 999 1228 verisimile
1027 1183 1098 1228 esse
1124 1161 1260 1243 videtur,
1292 1162 1427 1227 consilio

268 1265 337 1330 sive
364 1285 384 1328 a
405 1264 490 1328 Livii
516 1274 645 1329 auctore
673 1266 740 1329 sive
767 1266 808 1330 ab
838 1266 919 1352 ipso,
941 1274 977 1330 ut
996 1285 1090 1328 suam
1112 1264 1153 1330 de
1174 1262 1286 1328 Manlii
1308 1283 1426 1349 cogno·

267 1367 354 1432 mine
384 1367 573 1431 sententiam
608 1367 774 1432 vetustiori
806 1376 994 1452 opponeret,
1023 1388 1097 1432 cum
1125 1369 1158 1433 vi
1191 1365 1330 1453 quadam
1362 1367 1425 1452 (ef.

267 1470 382 1554 Ruspe
403 1469 424 1533 l.
447 1470 478 1534 d.
496 1493 582 1556 pap.
604 1469 662 1550 38)
685 1468 876 1535 adverbium
900 1473 1049 1554 „postea“
1074 1478 1148 1555 post
1171 1469 1267 1553 ,sum
1295 1477 1425 1535 etanta
1590 1525 1595 1592 p

159 1581 161 1588 '
267 1593 382 1637 vocem
406 1575 622 1656 ,cognomen“
647 1593 717 1636 esse
740 1569 939 1636 collocatum.

355 1673 530 1738 Veniamus
552 1674 594 1737 ad
617 1674 751 1755 6,1,10
776 1675 891 1752 [Vens
915 1673 1005 1757 „alia
1027 1696 1067 1738 ea
1088 1675 1135 1738 eis
1158 1676 1255 1738 etiam
1276 1675 1366 1738 edita
1386 1676 1426 1738 ia

267 1773 406 1861 vulpam
429 1797 512 1860 qaae
529 1785 636 1840 autem
658 1777 704 1840 ad
718 1798 817 1840 saevo
831 1775 1051 1859 pertinebant,
1075 1799 1096 1840 a
1105 1775 1319 1860 pontificibus
1341 1823 1349 1839 .
1366 1829 1373 1844 .
1390 1826 1398 1840 .
1415 1823 1423 1842 .

268 1881 490 1963 suppressa“,·
518 1878 613 1944 Vict:
644 1877 735 1963 „ulia
757 1900 796 1942 eve
818 1879 865 1942 eia
887 1879 976 1943 editu
998 1879 1096 1942 etiam
1117 1879 1154 1941 ia
1175 1878 1343 1965 oalpas“],
1366 1876 1424 1942 ubi

268 1978 308 2044 de
345 1977 532 2044 collocando
568 1978 722 2045 adverbio
761 1980 895 2066 ,etiam“
930 1979 1091 2065 agendum
1125 1989 1182 2044 est
1231 1980 1424 2066 Priusquam

268 2088 375 2145 autem
407 2081 447 2146 de
477 2083 549 2168 ipso
578 2081 733 2146 adverbio
763 2104 972 2168 exponamus,
995 2104 1099 2168 pauca
1121 2083 1324 2168 praemittere
1345 2082 1426 2145 mibi

267 2181 363 2248 liceat
384 2182 424 2248 de
444 2183 552 2248 verbis
577 2207 638 2267 „ex
660 2184 737 2267 eis“,
759 2206 841 2270 quae
865 2183 1044 2249 Schoellius
1067 2185 1183 2271 (Lapis
1204 2185 1276 2247 XII
1295 2184 1424 2248 tabula·

269 2308 344 2350 ram
364 2286 525 2370 reliquiae
546 2286 681 2371 Les'pzip
702 2287 781 2351 1876
799 2311 883 2372 pap.
901 2289 917 2350 1
940 2297 1018 2352 nota
1036 2290 1072 2369 1)
1095 2295 1127 2352 et
1147 2286 1189 2350 ad
1209 2285 1297 2370 leges
1318 2287 1425 2372 regius

268 2396 300 2452 et
321 2386 363 2451 ad
383 2386 487 2472 legem
509 2387 577 2452 XII
599 2387 780 2452 tabularum
802 2387 898 2452 refert
920 2390 980 2473 (cf.
1002 2391 1131 2456 Weissb.
1155 2389 1200 2454 ad
1222 2391 1252 2457 b.
1274 2391 1324 2471 I).
1359 2389 1424 2454 Sed

267 2488 404 2574 probata
425 2490 493 2553 eius
514 2489 786 2576 interpretatione,
808 2491 864 2576 qui
885 2512 982 2555 unam
1003 2493 1198 2556 recensionis
1219 2493 1425 2557 Victorianae

266 2589 438 2657 lectionem
466 2603 610 2676 noverat,
642 2615 680 2658 ea
708 2602 818 2658 manet
847 2593 1029 2677 difficultas,
1058 2593 1145 2680 quod
1174 2603 1305 2680 propter
1325 2613 1423 2658 voces

269 2693 386 2777 „etiam
407 2695 441 2758 in
462 2693 596 2780 vulgus“
620 2697 778 2780 suspicari
798 2705 914 2781 potest,
935 2695 1043 2780 legum
1066 2696 1134 2760 XII
1154 2695 1336 2760 tabularum
1358 2695 1423 2759 edi·

266 2797 396 2879 tionem,
408 2797 491 2861 sicut
504 2799 677 2882 regiarum,
689 2798 930 2864 memorabilem
941 2807 1038 2884 atque
1049 2799 1301 2884 inexspectatam
1311 2797 1422 2863 fuisse.

268 2897 439 2963 Praeterea
460 2910 592 2985 propter
613 2900 712 2965 verba
736 2922 838 2986 „quae
860 2910 969 2966 autem
990 2899 1032 2964 ad
1054 2921 1145 2964 sacra
1166 2899 1379 2986 pertinebant,
1401 2922 1423 2966 a

266 2999 472 3085 pontificibus
496 3046 630 3067 .....
658 3007 850 3088 suppressa“
880 3004 1044 3068 enuntiato
1074 3002 1155 3088 „alia
1185 3051 1286 3067 ....
1316 3003 1421 3068 edita“

267 3102 416 3188 opposita
444 3102 536 3167 facile
564 3103 687 3185 credas,
718 3126 846 3170 omnem
873 3104 962 3170 illam
984 3105 1051 3170 XII
1078 3105 1259 3171 tabularum
1286 3116 1422 3190 partem,

268 3226 350 3290 quae
373 3204 479 3270 adres
496 3227 603 3271 sacras
626 3209 826 3292 pertinuerit,
848 3229 1053 3295 suppressam
1076 3229 1157 3290 esse,
1179 3229 1254 3272 eum
1276 3208 1316 3273 de
1330 3209 1422 3272 fastis

265 3315 389 3372 tantum
420 3318 545 3373 constet
574 3310 634 3393 (cf.
659 3309 724 3376 θέο.
748 3311 793 3374 od
814 3311 958 3375 Atticum
980 3312 1010 3388 6,
1028 3311 1055 3393 1,
1071 3312 1119 3391 8).
1152 3311 1324 3374 Fastorum
1345 3333 1423 3376 vero

266 3411 299 3474 in
331 3411 573 3496 insequentibus
605 3412 815 3497 paragraphis
849 3418 896 3496 (ξ.
921 3413 959 3476 11
983 3417 1085 3497 seqq.)
1116 3421 1226 3498 aperte
1259 3413 1345 3479 illata
1375 3425 1425 3479 est

266 3515 395 3577 mentio.
440 3513 547 3593 Quare
576 3535 755 3598 pronomen
783 3517 866 3597 „eis“
895 3515 1005 3601 utique
1031 3514 1073 3578 ad
1100 3513 1184 3579 solas
1209 3515 1296 3600 leges
1317 3518 1424 3601 regias

266 3616 427 3699 respicere
453 3616 684 3701 judicaremus,
717 3618 841 3681 etiamsi
873 3617 1093 3682 Veronensem
1124 3638 1189 3681 non
1221 3617 1422 3702 haberemus,

267 3719 358 3804 cujus
388 3715 465 3780 ordo
493 3717 665 3782 verborum
695 3741 757 3802 „ex
785 3719 830 3783 eis
857 3720 953 3784 etiam
976 3718 1060 3783 edita
1082 3719 1115 3782 in
1139 3718 1275 3805 vulgus“
1301 3722 1421 3806 optime

265 3820 299 3882 in
313 3839 423 3884 veram
438 3817 679 3884 demonstrativi
703 3821 786 3904 ,eis“
810 3823 1105 3907 interpretationem
1121 3821 1265 3907 quadrat.
1293 3823 1422 3887 Etenim

266 3923 294 3985 si
307 3921 498 3986 adverbium
516 3924 649 4006 „etiam“
674 3945 748 3988 cum
763 3925 952 4010 pronomine
974 3925 1059 4007 „eis“
1078 3926 1311 4010 conjungimus,
1334 3926 1423 4012 leges

265 4025 373 4109 regiae
403 4026 511 4089 statim
536 4047 556 4088 a
584 4024 756 4089 duodecim
783 4025 900 4091 tabulis
928 4035 1095 4111 separatae
1123 4029 1312 4112 cogitantur,
1347 4049 1422 4092 cum

265 4126 378 4192 harum
393 4127 492 4192 editio
514 4137 615 4192 utres
630 4130 810 4193 necessaria
828 4152 846 4192 e
861 4121 1013 4194 contextu
1035 4129 1191 4194 sumenda
1212 4131 1262 4212 sit,
1283 4127 1421 4210 illarum,

267 4251 348 4315 quas
380 4252 481 4316 usque
509 4231 550 4294 ad
578 4229 657 4294 illud
686 4238 812 4316 tempus
842 4231 956 4317 vulgus
977 4253 1043 4294 non
1071 4233 1260 4316 cognovisse
1281 4231 1420 4312 videtur,

266 4331 364 4396 editio
386 4353 498 4398 revera
519 4331 735 4398 memorabilis
757 4332 854 4398 fuisse
875 4341 1039 4420 appareat.
1084 4334 1180 4415 Quod
1203 4354 1278 4398 curn
1305 4332 1420 4418 stipsi
