3200 5030
837 329 880 393 44

280 531 388 617 inepte
417 530 612 617 adjectivum
641 531 683 596 ad
710 540 882 618 utrumque
910 529 1106 597 vocabulum
1137 528 1231 612 trahi,
1265 551 1338 594 cum
1369 551 1440 611 „res

280 633 479 698 communis“
503 633 583 698 nihil
597 633 683 698 aliud
698 632 758 698 hoe
773 633 843 698 loco
865 655 903 699 ao
927 632 1124 722 ,periculum
1141 635 1328 697 commune“
1345 631 1440 696 foret.

280 737 399 819 Quare,
421 757 494 800 oum
516 757 580 800 non
597 734 679 801 trahi
701 736 803 821 possit
817 735 880 800 nie'i
901 736 943 801 ad
958 735 1059 802 solam
1074 757 1188 799 vocem
1207 732 1440 819 „periculum“,

280 836 458 902 videndum
491 847 549 921 est,
582 838 744 925 quomodo
777 858 815 903 ea
844 838 943 904 verba
970 839 1226 922 interpretemur,
1259 845 1294 901 ut
1319 828 1439 901 deinde

280 942 398 1004 rectius
427 940 468 1005 de
497 941 608 1005 ordine
637 961 748 1004 eorum
773 941 967 1027 judicemus.
1010 940 1117 1026 Atque
1146 961 1220 1003 cum
1249 940 1338 1025 prius
1366 938 1440 1002 sub·

281 1043 455 1108 stantivum
487 1045 576 1127 „res“
609 1041 776 1107 Gallorum
803 1042 976 1108 adventum
1005 1042 1172 1128 significet,
1201 1043 1234 1104 in
1264 1042 1439 1126 enuntiato,

281 1143 368 1231 quod
390 1154 440 1210 est
464 1166 654 1230 „commune
675 1144 853 1230 periculum
870 1147 989 1231 (peric.
1005 1169 1099 1211 com:
1120 1145 1214 1226 Vin.)
1236 1144 1342 1230 priore
1365 1145 1439 1210 loco

280 1245 438 1312 Ardeates
460 1267 563 1333 aeque
585 1249 619 1310 in
641 1247 813 1312 discrimen
834 1247 942 1312 vocati
956 1248 1148 1332 cogitantur.
1189 1245 1263 1330 Sed,
1285 1249 1440 1332 quoniam

281 1348 435 1435 ampliore
465 1350 594 1414 notione
623 1351 712 1414 vocis
736 1353 825 1434 „res“
854 1350 1033 1436 periculum
1054 1371 1184 1435 quoque
1207 1350 1356 1415 omnibus
1377 1349 1439 1414 Ar·

282 1451 429 1516 dentibus
452 1451 631 1516 abarbaris
645 1453 815 1517 imminens
836 1454 1026 1534 continetur,
1049 1473 1203 1536 expressa
1224 1452 1293 1516 eius
1316 1456 1438 1518 mentio

282 1575 523 1639 supervacanea
544 1554 671 1619 videtur
693 1577 731 1619 eo
753 1557 867 1640 magis,
890 1554 978 1641 quod
999 1553 1062 1618 alia
1083 1555 1302 1639 interpretatio
1325 1553 1441 1619 melior

282 1664 340 1721 est
383 1655 467 1720 Nam
496 1678 570 1719 cum
599 1656 799 1722 substantivo
832 1660 919 1741 ,res“
951 1657 1093 1742 ipsorum
1116 1657 1305 1720 Ardeatium
1333 1656 1442 1720 condi-

283 1759 384 1822 cionis
418 1758 499 1821 ratio
534 1757 700 1840 habeatur,
729 1759 763 1821 in
798 1757 898 1823 altero
935 1758 1098 1823 enuntiato
1136 1765 1319 1841 (commuue
1345 1764 1441 1844 per.)

283 1859 478 1946 adjectivum
514 1865 720 1944 „commune“
755 1860 797 1924 ad
829 1869 999 1946 utrumque
1029 1859 1194 1947 populum,
1223 1859 1381 1925 Ardeates
1409 1871 1442 1928 et

283 1964 456 2045 Romanos,
489 1971 612 2048 spectat
641 1962 703 2051 (cf.
732 1963 805 2048 §.3
835 1964 903 2050 buj.
934 1987 1006 2048 cop.
1032 1986 1090 2046 ,ce
1121 1963 1207 2027 toste
1236 1966 1440 2045 commnnffl)

284 2066 468 2152 optimeque
496 2063 647 2148 declarat,
676 2065 764 2151 quod
793 2064 946 2131 Camillus
975 2066 1009 2129 in
1036 2065 1226 2129 Ardeatium
1256 2065 1440 2130 contionem

282 2169 485 2253 processerit.
528 2167 620 2246 Quae
646 2188 721 2232 cum
747 2169 792 2232 ita
818 2170 891 2250 sint,
919 2168 968 2232 vis
997 2168 1153 2232 enuntiati
1178 2166 1264 2231 haud
1286 2167 1384 2233 dubie
1405 2171 1441 2234 in

284 2269 444 2357 adjectivo
483 2274 689 2353 ,commune“
725 2271 864 2334 vertitur
908 2269 948 2334 ob
986 2291 1121 2355 eamque
1154 2290 1291 2334 causam
1327 2268 1440 2334 verbo·

282 2393 355 2436 rum
389 2371 466 2435 ordo
500 2371 720 2435 aVeronensi
749 2378 900 2450 servatus,
934 2392 997 2456 quo
1026 2371 1111 2435 illius
1137 2373 1226 2436 notio
1253 2371 1440 2456 intenditur,

282 2496 348 2538 non
370 2472 472 2538 solum
495 2482 637 2558 praestat
658 2473 714 2538 sed
729 2473 795 2539 fere
810 2474 1009 2538 necessarius
1031 2481 1088 2538 est.
1118 2471 1170 2539 Ad
1186 2473 1441 2539 confirmandam

282 2584 389 2642 autem
405 2575 600 2641 Veronensis
621 2575 788 2642 lectionem
811 2575 894 2639 duae
916 2597 967 2639 res
988 2575 1155 2659 accedunt,
1177 2599 1256 2663 quas
1278 2599 1376 2662 supra
1397 2576 1441 2641 ad

282 2680 313 2762 4,
328 2679 414 2760 24,6
436 2701 511 2764 pag.
534 2679 574 2743 37
598 2701 687 2765 seqq.
710 2687 741 2744 et
762 2682 793 2761 5,
809 2680 897 2760 33‚o
919 2677 1080 2763 explicavi
1102 2684 1199 2764 (pap.
1222 2681 1316 2762 26127
1318 2685 1346 2761 ).

368 2779 524 2867 Reliquus
557 2790 605 2845 est
636 2782 670 2845 in
701 2781 762 2845 hac
793 2780 1081 2865 discrepantiarum
1114 2782 1195 2845 serie
1231 2804 1313 2845 unus
1348 2781 1440 2846 locus

284 2882 313 2964 6,
329 2883 359 2963 2,
375 2883 405 2963 6,
434 2882 491 2947 ubi
517 2882 633 2968 legitur
659 2885 693 2946 in
714 2885 803 2948 Van:
835 2892 890 2967 „ut
918 2883 1059 2946 seniores
1082 2905 1221 2969 quoque,
1244 2882 1361 2968 quibus
1383 2883 1440 2946 ali-

284 2983 363 3069 quid
385 2983 510 3048 roboris
533 2991 723 3070 superesset,
745 2986 779 3047 in
798 3005 857 3048 sua
874 2984 972 3049 verba
988 2987 1114 3072 juratos
1137 2985 1329 3050 centuriaret
1351 2985 1440 3068 (scil.

284 3087 461 3167 dictator)“
485 3087 519 3148 in
533 3086 619 3150 Vict.
644 3087 695 3170 „in
717 3085 819 3150 verba
840 3091 927 3155 sua“.
962 3085 1047 3152 Satis
1068 3097 1193 3152 constat
1213 3090 1296 3152 inter
1318 3108 1438 3169 omnes,

171 3265 174 3268 ῃ
282 3189 474 3275 pronomina
500 3189 683 3274 possessiva
711 3199 785 3254 ante
812 3211 927 3254 nomen
955 3211 1020 3253 non
1048 3188 1199 3254 collocari
1225 3190 1288 3253 nisi
1310 3210 1384 3253 oum
1404 3190 1439 3254 vi

284 3291 423 3378 quadam
452 3292 653 3378 pronuntiari
681 3314 719 3357 ea
749 3301 882 3378 oportet.
928 3291 1022 3373 Quod
1052 3291 1193 3357 maxime
1215 3291 1285 3356 fieri
1307 3313 1439 3356 consen·

282 3404 411 3460 tansum
435 3403 492 3477 est,
516 3394 543 3458 si
564 3403 619 3457 aut
640 3393 679 3458 de
702 3416 767 3480 qua
782 3396 984 3483 oppositione
1006 3395 1114 3478 agitur
1134 3402 1190 3459 aut
1210 3394 1251 3458 ad
1266 3415 1438 3480 personam

284 3496 361 3582 quid
383 3497 542 3582 pertinere
565 3495 690 3578 dicitur,
712 3497 747 3558 in
761 3520 825 3582 qna
839 3499 944 3562 minus
967 3507 1134 3583 exspectes
1157 3496 1218 3582 (cf.
1233 3519 1317 3580 quoe
1330 3497 1437 3561 Luch-

283 3601 353 3663 aius
369 3602 518 3683 conposuit
540 3599 578 3664 de
595 3598 780 3683 defferemio
796 3603 1039 3666 enuntiatorum
1063 3622 1185 3682 „monn
1199 3604 1281 3664 soo“
1305 3609 1334 3664 et
1356 3621 1438 3683 „suu

282 3705 405 3766 maced
436 3700 566 3787 Pmlop.
590 3723 674 3787 paq.
700 3701 812 3783 CXV).
857 3701 921 3766 Sed
950 3701 1119 3766 redeamus
1140 3702 1182 3766 ad
1203 3701 1397 3786 exemplum,
1419 3725 1440 3766 a

263 3825 348 3890 vquo
370 3802 506 3889 profecti
529 3823 649 3885 sumne,
672 3805 705 3866 in
728 3826 792 3888 quo
815 3812 847 3868 et
868 3805 939 3889 ipso
959 3826 1011 3869 res
1032 3803 1286 3868 extraordinaria
1306 3804 1439 3869 adiuta·

285 3915 354 3970 tore
382 3904 469 3969 facta
495 3927 564 3969 esse
592 3914 749 3970 narratur.
791 3906 875 3971 Nam
906 3928 981 3971 cum
1010 3907 1150 3972 seniores
1177 3928 1248 3970 raro
1277 3907 1320 3992 (ὃ,
1338 3906 1387 3989 10,
1401 3908 1439 3992 4)

283 4007 407 4090 eodem,
435 4029 498 4094 quo
526 4009 671 4094 juniores
704 4008 800 4074 modo
831 4008 1072 4074 conscribantur
1100 4017 1196 4094 atque
1223 4010 1256 4072 in
1279 4009 1439 4073 centurias

283 4109 526 4190 distribuantur,
560 4111 688 4195 saepius
725 4109 854 4197 quidem
890 4111 1086 4192 absentibus,
1124 4109 1241 4197 quibus
1278 4131 1439 4174 summum

281 4214 453 4298 imperium
483 4225 541 4297 est,
567 4211 809 4299 magistratibus
837 4236 856 4277 a
877 4213 1038 4298 praefecto
1061 4213 1151 4277 urbis
1179 4210 1230 4277 vel
1251 4233 1270 4274 a
1290 4219 1440 4297 praetore

287 4317 329 4380 ad
359 4316 569 4381 custodienda
596 4317 724 4380 moenia
750 4316 966 4402 stationesque
987 4315 1129 4400 agendas
1151 4326 1323 4380 evocentur
1344 4312 1441 4378 stab
