3202 5020
719 360 760 424 23

664 447 814 458 ---——-

161 556 284 622 ratione
307 555 477 621 universae
499 555 605 642 plebis
627 561 691 644 agi,
714 559 909 646 singularem
925 577 1093 630 numerum
1114 564 1316 634 aVeronens

156 657 307 724 traditum
329 657 441 744 utique
463 657 579 744 plurali
600 671 762 746 praestare
784 665 845 749 (cs.
859 664 890 745 2,
905 663 935 745 5,
951 665 990 746 2,·
1012 665 1042 746 2,
1058 667 1088 746 9,
1103 667 1151 746 5).
1262 731 1264 733 ,

240 758 292 824 Ab
314 757 415 824 altera
436 771 529 845 parte
549 761 618 827 loco
640 765 670 846 4,
686 757 737 847 58,
754 765 794 828 12
815 757 925 849 [,ecm
943 767 1063 851 procul
1085 767 1199 832 baberi
1220 779 1317 856 atque

155 863 325 948 oblcpcri,
348 885 389 926 ue
411 864 500 928 domi
522 887 584 950 per
606 867 707 931 otium
728 889 848 931 mernor
868 861 1028 934 libertatis
1050 869 1317 956 coloniarumque

155 967 216 1037 aui
237 966 315 1052 apri
330 965 463 1051 publici
485 976 543 1031 aut
565 965 723 1055 suffragii
743 967 840 1033 libere
851 969 992 1053 ferendi
1014 971 1155 1037 consilio
1171 975 1314 1059 cpitcut“

160 1067 229 1139 Ver.
235 1089 248 1150 ,·
283 1069 422 1152 „cpitct“
454 1067 549 1147 ilict]
580 1067 714 1154 pluralis
745 1091 898 1140 numerus
930 1072 964 1136 in
997 1072 1109 1138 codice
1138 1073 1316 1139 Veronensi

154 1169 282 1255 positus
309 1170 430 1254 optime
457 1172 634 1236 sententiae
662 1171 923 1238 accommodatus
955 1179 1018 1256 est,
1048 1174 1135 1262 quod
1166 1176 1319 1262 „consilia

153 1273 296 1356 agitare“
328 1269 369 1337 de
396 1268 530 1357 singulis
558 1269 742 1338 hominibus
769 1273 869 1340 multo
897 1273 1012 1340 melius
1045 1298 1142 1364 quam
1176 1279 1217 1344 de
1249 1286 1317 1345 tota

153 1371 355 1460 plebeiorum
377 1370 461 1438 mole
483 1372 609 1440 dieitur.

239 1473 368 1563 Reliqui
395 1485 469 1540 sunt
491 1498 533 1542 ex
553 1475 696 1541 locorum
718 1499 867 1559 numero,
895 1480 952 1566 qui
980 1479 1048 1544 sola
1068 1479 1175 1546 littera
1198 1486 1258 1567 „n“
1282 1483 1317 1548 in

155 1576 281 1643 duabus
302 1578 540 1643 recensionibus
555 1579 639 1644 inter
653 1601 687 1644 se
703 1579 869 1661 differunt,
891 1579 955 1647 duo
971 1582 1080 1668 stipsi
1096 1581 1268 1648 dissimiles
1284 1593 1317 1650 et

154 1679 247 1746 aliter
268 1689 363 1766 atque
385 1681 426 1761 ei,
449 1681 504 1766 qui
526 1680 729 1764 antecedunt,
751 1684 937 1769 comparati.

238 1781 344 1864 Loco,
376 1783 432 1868 qui
459 1791 507 1847 est
525 1785 565 1866 ι3,
587 1783 679 1866 44,3
707 1786 885 1870 [„periueie
911 1808 999 1854 uuor
1024 1785 1176 1853 instituta
1195 1789 1318 1873 fueret

150 1885 310 1970 liberique
331 1885 598 1950 instituebantur.
626 1887 870 1970 desponderant
888 1887 1000 1970 filiam
1025 1893 1101 1952 etc.“
1127 1889 1212 1971 Ver,
1242 1891 1314 1972 „de-

152 1983 353 2072 sponderet‘
374 1987 450 2052 Vict.
457 1996 488 2068 ,·]
500 1988 527 2050 si
537 1997 634 2050 unam
646 1991 865 2055 recensionem
877 1988 1098 2053 Victorianam
1113 1989 1315 2074 haberemus,
1343 2063 1346 2070 ,

153 2111 250 2154 nemo
266 2089 456 2154 delectione
474 2089 727 2176 „desponderat“
744 2091 915 2172 dubitaret,
932 2090 1019 2176 quod
1032 2099 1166 2177 propter
1177 2094 1316 2178 patriam

152 2200 343 2278 potestatem
364 2193 519 2277 Verginio
548 2193 589 2258 ad
616 2213 709 2257 suum
736 2193 839 2278 ipsius
866 2190 1034 2257 arbitrium
1059 2192 1158 2276 filiam
1181 2194 1317 2280 despon-

152 2293 230 2358 dere
251 2291 342 2358 licuit
356 2296 417 2380 (cf.
433 2296 470 2360 L.
485 2296 610 2382 Loupe,
632 2295 726 2360 Rb’rn.
741 2294 960 2360 Stuatscltert.
977 2297 1003 2360 I.
1022 2319 1105 2381 pap.
1123 2298 1183 2362 128
1199 2321 1284 2384 seqq.
1285 2304 1313 2380 ).

152 2395 275 2460 Verum
306 2417 380 2460 cum
410 2419 548 2484 aequum
580 2397 727 2479 videtur,
759 2407 898 2482 patrem,
931 2397 1119 2484 priusquam
1153 2397 1316 2484 sponsalia

149 2498 275 2581 fierent,
299 2497 467 2563 consilium
490 2519 584 2564 suum
607 2519 679 2563 eum
703 2521 804 2563 uxore
820 2503 1086 2582 communicasse,
1110 2510 1179 2565 tum
1193 2501 1315 2568 Romae

149 2605 315 2667 servatum
337 2623 410 2666 eum
433 2623 556 2666 morem
577 2623 648 2667 esse
671 2602 864 2666 documento
886 2610 936 2666 est
956 2603 1097 2667 narratio
1120 2603 1160 2668 de
1178 2605 1215 2670 P.
1231 2605 1314 2669 Afri·

151 2704 226 2768 ea'ni
240 2701 307 2768 filia
322 2706 383 2790 (cf.
398 2703 449 2785 38,
465 2703 515 2787 57,
532 2703 580 2786 7).
608 2703 684 2769 lam
700 2703 727 2766 si
741 2701 803 2766 hoe
817 2701 889 2767 loco
911 2711 1013 2767 totum
1036 2704 1189 2770 narrandi
1211 2728 1315 2790 genus

150 2815 185 2870 et
205 2807 348 2871 maxime
370 2805 563 2870 antecedens
586 2805 785 2870 enuntiatum
811 2805 966 2890 „perinde
988 2845 1024 2855 -
1043 2807 1313 2873 instituebantur“

150 2909 359 2993 respicimus,
386 2905 595 2992 intellegitur,
620 2909 660 2972 dc
681 2906 840 2972 industria
861 2906 989 2972 Livium
1011 2930 1080 2973 rem
1103 2909 1313 2975 domesticam

150 3009 383 3075 adumbrandis
405 3010 552 3095 Verginii
581 3009 725 3076 moribus
754 3009 935 3090 addidisse,
966 3031 1030 3096 quo
1058 3011 1197 3076 atrocius
1227 3013 1314 3098 App.

151 3111 282 3178 Claudii
296 3113 421 3177 facinus
436 3122 616 3198 appareret.
649 3111 712 3178 Oui
728 3112 894 3178 contextui
915 3133 987 3177 mea
1009 3113 1139 3199 quidem
1163 3113 1314 3199 opinione

151 3213 285 3302 pluralis
311 3237 463 3280 numerus
490 3215 582 3280 verbi
611 3214 849 3300 „despondere“
879 3212 930 3280 vel
959 3217 1100 3282 maxime
1133 3236 1314 3280 accommo-

150 3316 246 3380 datus
272 3326 337 3398 est,
367 3337 430 3402 quo
457 3317 608 3403 probato,
638 3319 721 3382 sicut
745 3317 896 3402 proxima
918 3318 1135 3380 enuntiatione
1159 3316 1313 3402 „perinde

153 3458 192 3469 -
214 3419 481 3485 instituebantur“
505 3420 586 3485 ratio
616 3417 774 3484 educandi
804 3418 934 3502 egregie
956 3418 1043 3482 inter
1063 3427 1211 3503 parentes
1233 3420 1314 3484 indi-

149 3527 242 3586 catur
264 3524 469 3605 conveniens,
492 3523 537 3586 ita
553 3522 660 3588 verbis
678 3520 935 3606 ,desponderant
948 3518 1047 3584 filiam
1063 3524 1143 3585 etc.“
1161 3521 1313 3586 concordi

151 3623 273 3694 iudicio
295 3623 362 3688 filia
383 3625 545 3710 desponsa
567 3646 638 3691 esse
659 3632 816 3690 narratur.

235 3725 325 3792 Alter
338 3726 428 3792 locus
443 3731 473 3810 5,
488 3729 540 3810 50,
556 3729 576 3791 2
590 3728 701 3807 [Ver.:
726 3727 833 3812 „quod
855 3725 1001 3810 (quoad)
1025 3746 1064 3788 ea
1080 3725 1180 3790 bostis
1197 3746 1310 3809 posse-

149 3827 313 3912 disscut“,·
336 3831 430 3895 Vecta
455 3832 584 3916 „quood
606 3853 645 3894 co
664 3831 764 3894 bostis
780 3827 1019 3913 possedisset“]
1033 3827 1142 3909 gravis
1157 3827 1312 3890 momenti

150 3939 199 3994 est
229 3930 271 3995 ad
304 3931 530 3997 vindicandam
557 3932 651 3997 Livio
678 3928 868 3995 nominativi
897 3927 1028 4014 pluralis
1056 3929 1090 3991 in
1114 3929 1179 4012 „is“
1203 3931 1312 3992 termi-

147 4040 258 4097 natam
269 4033 405 4098 formam
417 4036 517 4116 vocis,
534 4043 676 4121 quaeest
689 4033 838 4118 „hostis“.
861 4029 1061 4095 Ktihnastius
1074 4031 1111 4114 (l.
1122 4031 1240 4116 ἄφαρ.
1250 4031 1310 4111 27)

149 4157 252 4200 unum
267 4136 360 4202 affert
375 4136 559 4223 exemplum
575 4138 605 4220 8,
620 4137 670 4218 23,
689 4137 731 4200 10
743 4134 828 4198 haud
845 4135 913 4198 sinc
935 4133 1139 4197 cunctatione
1162 4130 1311 4217 quadam,

149 4259 348 4324 quamquam
371 4240 484 4326 optimi
507 4239 636 4303 codices
657 4238 891 4302 nominativum
914 4233 1046 4322 pluralis
1062 4233 1200 4319 „hostis“
1222 4255 1314 4320 prae·

149 4339 242 4423 bent,
270 4351 366 4428 atque
395 4341 481 4406 haud
509 4340 606 4406 dubie
628 4341 820 4406 Mommseni
842 4337 1032 4403 sententiam
1056 4336 1312 4422 (cf.pop.167)
