3200 5030
619 310 769 409 -3-1—

110 523 175 596 tur,
198 535 236 578 ea
258 519 316 595 est,
339 510 425 598 quod
447 512 475 576 si
496 511 542 576 ita
563 511 746 593 scribimus,
767 531 895 590 nomen,
916 511 950 573 in
972 530 1036 597 quo
1054 510 1103 574 vis
1119 509 1275 574 enuntiati

111 616 256 696 vertitur,
280 614 438 698 positione
461 614 580 699 optime
602 613 819 699 significatum
840 623 898 678 est.
937 612 1017 676 Loci
1039 614 1133 694 enim,
1156 611 1274 698 quibus

113 738 241 784 summa
262 716 403 801 gravitas
425 717 518 799 inest,
545 717 668 802 primus
692 725 789 803 atque
811 713 942 781 ultimus
965 722 1039 780 sunt
1060 715 1120 801 (cf.
1143 717 1274 801 Ruspe:

121 819 348 904 Wortsteliunp
372 819 430 883 der
451 819 509 882 lat.
525 817 674 903 Sprucbe
690 841 775 905 pop.
792 819 810 883 7
826 827 855 882 et
869 819 918 899 9),
940 840 1048 904 quare,
1071 839 1145 882 oum
1165 820 1199 880 in
1213 818 1275 882 huo

114 922 271 990 sententia
292 941 388 986 voces
411 918 584 1003 „eandem“
608 931 640 985 et
656 920 784 1005 „Veiis“
807 919 950 1006 pondere
973 920 1087 985 ceteris
1102 929 1275 1006 praestent,

115 1047 170 1092 eas
191 1025 224 1088 in
245 1022 444 1108 gravissimis
465 1024 692 1088 enuntiationis
712 1021 791 1088 locis
812 1025 891 1108 poni
909 1045 1048 1111 aequum
1062 1023 1200 1090 videtur.
1238 1022 1276 1088 si

115 1149 195 1211 vero
222 1127 293 1212 quis
316 1125 506 1190 concinnam
527 1128 769 1211 responsionem
792 1128 962 1210 (chiaus.)
986 1127 1127 1190 omnium
1149 1125 1274 1211 periodi

115 1229 255 1316 partium
280 1229 314 1292 in
340 1226 475 1293 lectione
503 1228 698 1294 recensionis
723 1228 926 1293 Victorianae
953 1250 1067 1314 urgere
1094 1226 1183 1309 velit,
1211 1248 1276 1313 qua

116 1341 320 1419 opponantur
353 1331 527 1413 „eandem“
562 1338 595 1395 et
627 1330 838 1416 „fortunam“,
872 1331 1033 1416 ,fidenas
1068 1341 1100 1396 et
1134 1330 1273 1414 „Veiis“,

119 1431 260 1519 ,deletae
286 1433 368 1499 sint“
398 1443 430 1498 et
460 1433 677 1517 „imminere“,
703 1432 874 1499 dicendum
895 1443 953 1516 est,
983 1455 1054 1498 eam
1075 1434 1180 1517 ipsam
1201 1431 1275 1497 Vic-

117 1538 241 1599 toriano
269 1533 321 1602 vel
342 1534 548 1599 Nicomachis
576 1534 675 1600 fuisse
703 1536 850 1600 mutandi
878 1537 1043 1618 rationem,
1071 1535 1191 1620 quippe
1220 1534 1276 1620 qui

119 1637 232 1703 imbuti
260 1645 328 1702 arte
364 1636 523 1702 rhetorica
549 1635 602 1702 illo
633 1648 777 1724 tempore
806 1638 999 1724 degenerata
1024 1637 1067 1701 ad
1096 1637 1275 1724 speciosam

116 1740 219 1824 magis
249 1761 346 1825 quam
375 1740 419 1804 ad
446 1762 578 1825 gravem
611 1741 896 1807 conformationem
929 1740 1101 1807 verborum
1133 1740 1276 1804 animum

115 1841 321 1910 adverterint.
377 1840 549 1906 Chiasmus
581 1852 688 1908 autem
721 1843 857 1931 probata
889 1843 1084 1908 Veronensis
1117 1842 1277 1925 scriptura

116 1944 204 2010 baud
232 1946 327 2032 pejus
345 1959 453 2031 'quam
484 1946 585 2012 altera
612 1945 750 2010 lectione
772 1945 911 2010 efficitur
932 1949 1142 2026 („Fidenoe
1171 1942 1274 2007 dele·

115 2055 181 2112 tae
209 2049 310 2130 siut,
339 2051 553 2114 imminere
582 2051 742 2128 Veiis“),
767 2047 919 2134 quoniam
942 2045 1136 2112 vocabulum
1160 2044 1276 2129 „fortu-

114 2152 210 2212 nam“
234 2148 404 2236 adipsum
431 2151 608 2216 ohiasmum
629 2172 694 2214 uon
715 2151 853 2234 pertinet
880 2149 1016 2236 ideoque
1045 2147 1153 2212 ubivis
1182 2143 1276 2237 collo-

17 2243 19 2248 ’
116 2251 183 2316 cari
198 2259 304 2338 potest
320 2252 380 2338 (cf.
394 2255 425 2335 5,
440 2253 492 2334 44,
508 2255 545 2318 7.·
570 2275 656 2337 „non
677 2274 821 2319 recuso
843 2253 978 2317 eundern
994 2254 1151 2317 Ardeae
1164 2271 1275 2314 rerum

115 2376 263 2418 mearum
285 2356 416 2438 emitum,
440 2377 531 2440 quem
553 2359 695 2421 Romae
717 2355 894 2434 nasein)

203 2455 338 2522 Brevius
369 2465 506 2523 tractare
538 2479 710 2543 possumus
742 2455 850 2521 locum
876 2456 912 2537 6,
940 2457 974 2538 6,
1003 2455 1040 2537 9,
1073 2455 1130 2520 ubi
1156 2454 1273 2520 Veron.

76 2585 85 2593 -
115 2557 252 2644 praebet
275 2569 469 2643 „certantem
489 2559 598 2644 ipsum
619 2581 728 2624 secum
747 2559 955 2623 adnisurum“
972 2558 1059 2641 (soil.
1076 2557 1276 2640 Camillum),

119 2661 318 2726 Victoriana:
353 2670 549 2745 „certantem
580 2682 690 2726 secum
721 2661 828 2746 ipsum
861 2661 1078 2727 adnisurum“.
1131 2659 1276 2723 Primum

118 2761 249 2848 quidem
280 2761 477 2828 monendum
509 2771 576 2845 est,
616 2771 788 2849 utrumque
819 2760 993 2827 verborum
1024 2762 1170 2826 ordinem
1202 2784 1276 2827 oum

118 2863 247 2930 dicendi
262 2886 323 2934 usu
338 2865 522 2946 convenire,
537 2867 576 2930 de
592 2885 656 2950 qua
671 2887 705 2930 re
720 2865 903 2931 conferatur
917 2866 1024 2952 Raspe
1038 2865 1077 2949 (i.
1092 2865 1124 2930 d.
1137 2886 1218 2949 pap.
1233 2863 1275 2927 26

118 2976 146 3031 et
168 2966 238 3050 27),
268 2969 324 3054 qui
352 2965 509 3052 exemplis
538 2967 775 3050 demonstravit,
804 2976 836 3032 et
867 2968 955 3053 „ipse
977 2971 1030 3032 se“
1055 2975 1087 3031 et
1109 2989 1162 3051 „se
1184 2967 1273 3051 ipse“

117 3069 217 3134 scribi
238 3091 350 3156 posse3
372 3069 470 3136 velim
491 3069 679 3151 addidisset,
700 3072 888 3157 pronomine
906 3071 1013 3157 „ipse“
1031 3079 1105 3134 ante
1119 3089 1275 3154 personae

117 3171 170 3236 vel
192 3171 240 3234 rei
261 3172 527 3256 significationem
549 3170 703 3238 collocato
725 3173 963 3258 oppositionem
977 3172 1051 3236 acui
1065 3170 1125 3256 (ef.
1141 3171 1276 3235 Kaisar

10 3315 11 3338 r
119 3270 141 3333 l.
165 3271 197 3334 d.
218 3295 356 3359 parops.
383 3277 441 3340 118
463 3274 503 3338 Α.
519 3275 560 3339 20
560 3278 588 3356 ).
630 3274 811 3359 Inquirenti
833 3275 931 3359 igitur
951 3275 986 3337 in
1007 3294 1102 3338 usum
1122 3271 1276 3357 loquendi

120 3369 291 3436 Livianum
311 3376 451 3442 maxime
472 3377 596 3462 primae
614 3376 744 3442 decadis
760 3377 888 3461 egregie
903 3374 1048 3439 Kiibneri
1069 3373 1182 3459 regula
1202 3395 1276 3438 con-

118 3473 276 3556 firmatur,
305 3497 379 3541 cum
406 3501 519 3545 vocem
550 3481 657 3566 „ipse“
688 3489 720 3544 et
747 3477 848 3542 multo
872 3479 975 3543 rarius
1002 3487 1077 3543 ante
1097 3499 1277 3564 pronomen

118 3575 308 3644 reflexivum
329 3581 471 3666 positum
492 3583 689 3666 reperiamus
706 3590 746 3664 et,
770 3582 797 3645 si
812 3581 1026 3666 anteponitur,
1048 3579 1090 3644 ad
1104 3601 1276 3666 personam

118 3678 171 3744 vel
191 3701 260 3744 rem
281 3680 372 3747 alteri
393 3692 450 3748 aut
470 3682 617 3769 pluribus
640 3705 714 3746 cum
735 3684 769 3747 vi
791 3681 1017 3768 opponendam
1040 3681 1101 3768 (cf.
1123 3683 1220 3766 2,42,
1237 3684 1275 3747 1.·

121 3783 276 3866 ,dulcedo
304 3787 465 3870 agrariae
491 3785 574 3871 lepis
600 3787 677 3870 ipsa
701 3808 764 3870 per
792 3807 824 3850 se
847 3787 972 3870 dempto
995 3795 1125 3850 auctore
1147 3785 1277 3850 subibat

120 3887 285 3968 animos“;
319 3886 353 3963 3,
375 3886 431 3968 43,
453 3887 492 3951 4.·
521 3911 612 3971 „curn
638 3889 711 3973 ipse
739 3910 771 3952 se
794 3886 1014 3973 praevalidus
1038 3889 1123 3972 pori
1150 3888 1276 3953 uiribus

120 3989 229 4051 auimo
252 3987 488 4054 circumventus
509 3993 703 4070 tutaretur“,
724 3991 758 4054 in
781 4011 845 4076 quo
861 3989 1009 4075 exemplo
1025 3991 1191 4076 oppositae
1206 4011 1277 4075 per-

119 4109 215 4152 sonae
237 4110 255 4152 e
278 4097 432 4154 contextu
454 4090 628 4156 sumendae
650 4101 738 4174 sunt,
761 4091 790 4173 7,
813 4094 842 4176 2,
869 4093 905 4156 11
912 4117 925 4176 ,·
949 4093 977 4174 7,
996 4094 1044 4174 14,
1060 4093 1101 4173 3,·
1123 4092 1153 4173 8,
1169 4092 1220 4173 20,
1236 4092 1276 4175 6,·

119 4191 148 4270 8,
163 4190 215 4271 39,
233 4191 290 4273 14,·
313 4191 364 4273 30,
382 4192 431 4272 14,
448 4193 496 4273 8).
532 4191 628 4272 Quod
651 4215 688 4257 eo
711 4195 814 4280 magis
836 4195 906 4259 fieri
927 4215 988 4281 par
1009 4201 1066 4276 est,
1089 4195 1116 4257 si
1139 4193 1179 4258 de
1201 4193 1276 4258 sub-

112 4293 201 4379 jecto
233 4293 350 4379 agitur,
383 4314 402 4357 a
435 4315 498 4379 quo
531 4295 574 4377 id,
607 4295 693 4380 quod
724 4307 879 4378 narratur,
912 4297 1019 4360 minus
1051 4307 1277 4382 exspectamus
