3200 5030
15 585 49 626 nen
61 588 74 628 r

29 667 76 733 duell

14 795 32 834 u
45 797 75 837 uu

679 354 826 450 ,„.2.1..

172 551 226 635 38,
241 555 293 635 46,
309 554 366 635 13)
381 555 414 616 in
430 553 547 640 plurali
562 576 696 620 numero
717 557 823 641 posita
845 564 929 636 sunt,
956 553 1042 638 quod
1064 554 1097 616 in
1118 552 1249 618 ferendo
1272 555 1335 618 suf·

173 656 276 740 fregio
307 656 403 721 etiam
432 655 552 741 singuli
576 656 722 721 homines
744 655 797 721 vel
819 658 981 721 centuriae
1002 654 1054 720 vel
1075 655 1177 721 tribus
1199 664 1336 742 possunt

173 759 319 844 cogitari.
345 759 517 824 Praeterea
530 759 709 823 notandum
724 765 773 822 est
785 758 921 823 verbum
941 755 1146 832 „absolveres
1159 761 1204 844 (1,
1216 760 1268 840 36,
1281 759 1335 842 12)
1384 807 1394 820 ,

20 904 26 933 ι
52 877 71 941 ι’,
169 859 288 946 plurali
321 870 510 946 usurpatum
545 863 669 926 ratione
704 859 816 924 habita
851 859 1050 946 singulorum
1085 858 1336 942 absolventium3

65 985 72 1043 5
171 962 324 1039 „mirari“
354 965 399 1046 (l,
421 964 473 1045 41,
495 964 528 1050 1)
556 963 719 1050 participii
749 962 853 1026 forma
884 962 926 1028 ad
958 963 1160 1048 genetivum,
1201 961 1257 1048 qui
1286 969 1336 1026 est

64 1138 68 1145 ‚
173 1063 338 1150 „populi“,
359 1065 393 1127 in
415 1063 531 1150 plurali
553 1086 687 1129 numero
702 1064 847 1129 additum
861 1073 994 1151 propter
1009 1063 1152 1150 singulos
1167 1065 1334 1130 mirantes:

62 1210 69 1223 ·
173 1168 410 1251 „conjungere“
442 1169 487 1254 (4,
507 1169 559 1249 31,
582 1168 635 1253 7),
664 1190 737 1232 cum
764 1191 806 1232 ex
834 1168 941 1232 verbis
965 1166 1172 1248 „fidenatium
1193 1165 1336 1252 populo“

55 1311 68 1354 ,
171 1268 389 1356 supplendum
411 1270 452 1334 sit
475 1268 669 1352 „fidenates“
701 1270 761 1355 (cf.
783 1271 919 1334 Kitluer
938 1270 959 1332 l.
983 1270 1014 1336 ol.
1038 1270 1084 1351 ΙΙ,
1109 1269 1147 1332 17
1170 1273 1337 1351 ειιιηιηα),

34 1419 65 1474 ,u
173 1377 344 1455 „censere“
369 1371 434 1460 (39,
449 1371 501 1453 51,
517 1373 551 1458 9)
582 1382 714 1459 propter
736 1371 935 1458 singulorum
958 1371 998 1437 de
1020 1370 1212 1437 Hannibalis
1233 1380 1338 1436 morte

21 1501 62 1571 233]
172 1474 364 1556 sententias3
387 1473 599 1547 „decernere“
621 1475 686 1559 (38,
705 1474 757 1556 48,
773 1476 808 1561 9)
824 1473 939 1539 eadem
954 1473 994 1538 de
1009 1494 1117 1554 causa,
1139 1495 1203 1558 qua
1219 1470 1339 1559 jubere

47 1625 60 1664 ,3
174 1577 260 1662 (eid.
275 1580 408 1661 supra).
451 1575 546 1641 Actio
568 1598 657 1658 vero,
680 1597 763 1663 quae
785 1576 884 1642 verbo
909 1575 1030 1651 „velle“
1053 1576 1243 1658 continetur,
1265 1583 1335 1640 tum

173 1679 305 1743 demum
326 1677 485 1760 gravioris
506 1686 555 1742 est
575 1681 744 1761 momenti,
775 1679 802 1743 si
823 1688 899 1765 post
919 1678 1033 1743 initum
1056 1678 1245 1762 suffragium
1267 1677 1336 1741 uni·

171 1781 258 1846 versi
290 1778 404 1866 populi
435 1778 583 1846 voluntas
615 1789 780 1867 tamquam
812 1781 909 1845 unius
936 1802 1092 1867 personae
1120 1781 1249 1865 cognita
1276 1788 1337 1845 est.

43 1850 56 1968 3L
172 1884 281 1965 Quare
303 1882 492 1969 plerumque
514 1882 685 1968 singularis
707 1904 859 1947 numerus
881 1882 972 1948 verbi
994 1889 1068 1968 post
1093 1882 1335 1948 antecedentem

35 1967 51 2080 ἶ,
171 2007 289 2051 vocem
306 1984 483 2070 ,popuusr
499 1984 617 2071 legitur
632 1986 730 2071 (aa,
742 1985 838 2069 saa,-
854 1984 993 2067 e,3a,e;
1009 1983 1166 2067 se,7,11;
1178 1983 1334 2067 assas·

25 2127 49 2181 ι,
173 2087 226 2169 39,
241 2087 292 2169 39,
306 2088 336 2165 4,
358 2087 416 2152 ubi
436 2090 474 2153 iu
496 2097 653 2174 quattuor
673 2087 829 2174 eaemplis
852 2097 992 2172 propter
1019 2087 1247 2153 creberrimam
1269 2086 1334 2153 ccl-

27 2229 49 2285 4
172 2190 320 2255 lecticam
347 2190 544 2255 substantivi
573 2192 845 2256 constructionem
872 2188 951 2254 libri
977 2189 1150 2255 deteriores
1167 2189 1335 2274 pluralem

173 2293 344 2374 habeut,·),
374 2314 571 2379 quamquam
593 2314 657 2358 non
679 2291 799 2356 infitias
820 2313 877 2374 eo,
904 2292 1001 2357 etiam
1022 2290 1179 2376 pluralem
1201 2314 1333 2378 prorsus

170 2402 256 2466 recte
292 2415 362 2458 sese
398 2393 537 2477 habere,
573 2396 601 2460 si
637 2393 836 2479 singulorum
872 2394 1023 2458 voluntas
1057 2393 1199 2480 intellegi
1230 2394 1334 2481 possit

170 2497 232 2582 (cf.
248 2497 278 2578 7,
298 2496 328 2577 6,
349 2497 387 2579 3,·
411 2497 462 2581 30,
483 2497 536 2579 40,
561 2499 610 2578 10,
638 2519 701 2582 quo
729 2495 797 2564 loeo
818 2498 907 2562 uotio
930 2497 1020 2562 uerbi
1039 2495 1161 2578 ,‚eelle“
1178 2500 1333 2581 prouime

171 2599 217 2662 ad
237 2599 368 2685 ,jubere
390 2609 419 2662 et
440 2599 539 2665 velle“
561 2601 714 2682 accedit).
751 2599 846 2680 Quod
864 2598 964 2683 igitur
984 2597 1026 2661 ad
1047 2599 1078 2680 4,
1093 2597 1180 2681 54,5
1201 2602 1271 2682 [„ei
1292 2624 1333 2665 ue

170 2704 208 2765 iu
238 2702 435 2786 quaestor-iis
465 2699 594 2785 quidem
624 2703 780 2784 comitiis,
809 2723 893 2786 quae
922 2700 993 2765 sola
1014 2702 1208 2786 promiscua
1224 2701 1334 2786 plebei

166 2801 386 2888 patribusque
407 2802 589 2887 reliquisset
610 2813 756 2885 seruatus,
788 2805 870 2868 sutis
898 2805 1005 2870 animi
1026 2803 1154 2888 populo
1182 2812 1262 2867 esset
1287 2803 1333 2868 acl

170 2903 210 2968 id
216 2951 226 2984 ,
255 2905 431 2990 quesitam
453 2905 621 2970 diuoellet
648 2915 677 2970 et
698 2929 763 2991 per
789 2906 874 2991 lepes
903 2906 1034 2970 liceret“
1060 2905 1128 2969 Ver.
1134 2927 1147 2987 ,·
1176 2904 1335 2987 „uelleut“

179 3005 275 3084 Vict]
296 3006 417 3087 attinet,
441 3004 583 3070 concedo
605 3029 666 3093 ego
689 3006 830 3094 quidem,
857 3007 897 3072 de
918 3006 984 3071 lato
1006 3007 1160 3092 suffragio
1181 3030 1246 3073 nou
1268 3009 1334 3094 agi,

169 3118 279 3173 tamen
301 3117 375 3193 apte
397 3108 438 3172 ad
461 3109 646 3193 augendum
667 3131 768 3195 grave
791 3109 993 3175 tribunorum
1022 3111 1232 3197 opprobrium
1261 3132 1333 3196 per·

168 3210 271 3276 tinere
298 3208 453 3292 arbitror,
483 3212 510 3274 si
539 3209 695 3296 singulari
724 3233 858 3276 numero
887 3211 1104 3296 significetur,
1137 3212 1332 3278 desiderium

171 3312 378 3398 occupandae
411 3321 603 3398 quaesturae
635 3315 734 3380 tacito
769 3315 912 3378 omnium
943 3313 1143 3400 plebejorum
1174 3335 1332 3378 consensu

171 3436 230 3501 pro
253 3424 340 3479 certa
360 3414 426 3479 fere
448 3414 622 3480 voluntatis
645 3416 861 3483 declaratione
882 3414 1067 3480 habendum
1090 3437 1169 3480 esse.

255 3517 285 3581 Ε
307 3517 466 3582 contrario
487 3516 621 3603 pluralis
642 3540 806 3600 numerus,
830 3539 925 3603 quem
947 3517 1335 3605 4,17,5[„propiusest

170 3620 334 3706 abstriupi
358 3621 559 3703 fidenatium
585 3621 766 3706 populum,
794 3643 834 3684 ue
861 3621 1021 3705 respicere
1048 3643 1138 3704 spem
1165 3621 1267 3686 ullam
1290 3620 1333 3686 ab

169 3722 333 3787 Romanis
363 3728 521 3807 possent‘
550 3722 639 3803 Ver.,·
670 3733 782 3808 posset
809 3722 924 3803 Vict.,·]
960 3722 1156 3787 Veronensis
1191 3721 1333 3805 exhibet,

170 3822 257 3887 haud
278 3822 376 3889 dubie
397 3823 547 3888 ferendus
569 3831 628 3906 est,
652 3823 739 3909 quod
761 3845 804 3887 ex
825 3825 988 3889 enuntiato
1005 3822 1212 3904 „fidenatium
1230 3845 1333 3909 popu·

169 3922 257 3987 Ιιιιιια
280 3924 314 3988 in
336 3926 552 3992 enuntiatione
570 3925 761 3990 secundaria
776 3925 957 4012 subjectum
976 3925 1185 4007 ,Ε’ἰᾶθιιιιῐιιιια
1202 3925 1333 3990 auditur

170 4027 231 4112 (ef.
246 4028 277 4108 4,
293 4029 344 4109 31,
361 4029 398 4109 7,·
420 4029 494 4092 uide
516 4033 651 4113 supra).

253 4129 470 4194 Transeamus
485 4131 556 4216 jam
577 4129 619 4194 ad
641 4151 754 4195 vocem
778 4130 943 4212 „civitas“,
964 4151 1024 4215 pro
1047 4151 1126 4216 qua,
1153 4130 1181 4193 si
1203 4149 1273 4192 eam
1296 4131 1330 4193 in

170 4232 389 4298 enuntiatione
411 4231 601 4296 secundaria
622 4231 755 4319 pluralis
776 4253 927 4298 numerus
950 4231 1102 4317 sequitur,
1125 4229 1218 4294 facile
1240 4233 1330 4317 ipsos

170 4333 258 4399 cives
282 4334 433 4400 substitui
456 4333 605 4420 exempla
626 4335 759 4400 docent:
783 4338 833 4418 „4,
854 4335 906 4417 32,
925 4335 965 4399 2“
991 4334 1134 4416 „animos
1157 4354 1330 4420 suspensos
