3200 5030
876 293 915 358 18

818 383 968 392 ...ῃ-..-

386 499 511 564 ‘Restat
531 505 567 562 ut
588 498 624 560 in
640 495 842 583 exponendis
863 503 1044 580 temporum
1067 493 1290 580 discrepantiis
1313 493 1356 558 ad
1384 493 1518 560 finem

314 598 501 686 perveniam
524 620 606 664 unus
628 599 718 663 locus
735 600 804 685 jam
826 621 846 662 a
860 595 1031 682 Wodrigio
1053 604 1207 662 tractatus
1228 599 1259 679 5,
1274 597 1340 678 3,5
1363 597 1516 675 [Vera

317 701 549 786 ,5515555155ί
554 725 566 784 ,·
598 700 692 767 Vtet:
722 706 887 782 reator“],
915 699 972 764 ubi
1000 700 1114 764 vitium
1136 699 1315 763 communis
1337 698 1458 766 fontis
1486 722 1516 763 a

316 805 496 872 Veronensi
516 809 740 889 propagatum,
762 824 782 865 a
796 801 983 870 Victoriano
1005 799 1058 866 vel
1080 800 1284 866 Nicomachis
1305 823 1376 864 non
1398 811 1512 866 recte

318 906 524 972 emendatum
551 914 608 974 est.
652 903 770 991 Agitur
802 905 841 969 de
869 903 976 970 littera
1007 908 1065 988 „n“
1096 913 1216 972 temere
1244 902 1368 984 addita,
1396 905 1508 989 quod

205 1051 213 1064 ·
317 1009 432 1074 vitium
453 1008 685 1073 adnumerum
707 1006 848 1070 maxime
871 1006 1141 1092 corrumpendum
1160 1007 1322 1092 pertinens
1345 1015 1507 1092 propter

317 1112 475 1176 incertam
502 1110 571 1174 eius
591 1109 716 1176 litterae
737 1108 1030 1196 pronuntiationem
1053 1108 1173 1195 ubique
1195 1109 1228 1172 in
1250 1109 1503 1198 manuscriptis

320 1221 486 1298 comparet
513 1211 574 1298 (ef.
597 1213 773 1276 Mommsen
802 1211 823 1274 1.
846 1211 878 1275 d.
902 1234 987 1298 pop.
1013 1210 1093 1293 175;
1123 1211 1331 1276 Bromboolt:
1365 1210 1499 1277 Orrao-

320 1316 463 1402 9ropdt'e
497 1314 555 1378 der
585 1313 642 1379 tat.
675 1313 827 1398 Sprac'lte
854 1336 938 1399 pap,
965 1313 1163 1394 263-272).
1214 1312 1314 1377 Cuius
1348 1315 1495 1399 generis

320 1416 451 1503 saepius
473 1424 603 1502 apertae
625 1415 817 1482 mendacin
831 1415 1011 1480 Veronensi
1033 1413 1220 1480 statuendae
1243 1423 1325 1496 sunt,
1350 1417 1493 1502 quasin

320 1519 508 1584 recensione
530 1517 718 1582 Victoriana
748 1527 905 1583 correctas
934 1524 1030 1604 (pop.
1052 1519 1073 1582 5
1092 1521 1174 1604 seq.)
1197 1518 1396 1600 enumeravi,
1425 1519 1490 1584 sed

319 1621 417 1685 etiam
449 1628 523 1705 post
554 1621 773 1684 recensionem
803 1619 1024 1684 Victorianam
1060 1617 1138 1686 alias
1171 1618 1276 1684 denuo
1309 1620 1486 1705 irrepsisse

321 1725 416 1790 docet
431 1723 625 1808 optimorum
641 1722 788 1786 codicum
804 1742 977 1786 consensus
997 1723 1029 1803 3,
1038 1723 1088 1803 44,
1101 1723 1137 1804 93
1158 1720 1253 1804 4,·14,
1265 1723 1300 1804 5,
1322 1723 1351 1804 4,
1359 1721 1476 1803 5510.

320 1825 370 1890 Eo
392 1826 496 1910 magis
518 1823 736 1888 necessarium
752 1834 809 1906 est,
832 1825 866 1888 in
880 1825 1102 1890 recensionum
1124 1823 1312 1888 differentiis
1332 1825 1378 1888 ita
1391 1844 1477 1888 com-

320 1927 452 2014 paratis,
474 1935 511 1992 ut
520 1926 717 1991 Veronensis
739 1925 832 1991 lectio
848 1948 913 1990 non
934 1925 1030 2012 plane
1051 1925 1133 1990 falsa
1153 1927 1205 2008 sit,
1227 1925 1412 2011 diligentius
1432 1927 1482 1988 in-

321 2031 458 2116 quirere,
480 2050 558 2092 num
581 2049 620 2093 ea
639 2050 704 2092 una
725 2027 865 2094 alterave
887 2028 928 2094 de
950 2050 1049 2093 causa
1070 2029 1275 2094 Victorianae
1302 2021 1483 2114 scripturae

322 2139 473 2220 praestet.
516 2131 707 2216 Priusquam
729 2152 807 2195 vero
829 2130 871 2194 ad
893 2152 947 2196 eos
968 2129 1055 2195 locos
1077 2129 1280 2214 accedamus,
1306 2133 1338 2200 in
1362 2131 1483 2217 quibus

322 2233 489 2316 utriusque
519 2233 715 2296 recensionis
743 2231 837 2296 lectio
866 2255 925 2320 per
955 2254 989 2298 se
1018 2234 1090 2318 ipsa
1121 2231 1240 2298 nullam
1271 2233 1479 2300 offensionem

321 2333 457 2421 praebet
477 2331 613 2418 ideoque
634 2335 712 2398 artis
735 2335 864 2399 criticae
886 2357 925 2399 ea
946 2337 1038 2418 ratic,
1060 2336 1101 2400 de
1117 2357 1181 2421 qua
1195 2357 1294 2422 supra
1316 2342 1412 2422 (pap.
1435 2336 1477 2416 7)

323 2437 402 2519 dixi,
432 2435 607 2500 factitanda
630 2446 687 2519 est,
716 2437 924 2524 respicientes
946 2437 1107 2522 Wodrigii
1137 2437 1322 2524 exemplum
1343 2440 1373 2521 5,
1398 2439 1427 2520 3,
1452 2437 1476 2502 5

321 2540 429 2626 priore
456 2537 526 2603 loco
555 2559 609 2602 eas
639 2560 797 2625 ponamus
826 2538 1068 2624 discrepantias,
1098 2539 1156 2605 ubi
1177 2541 1380 2606 Victorianae
1406 2561 1474 2604 cor·

322 2650 451 2707 rectura
474 2641 667 2708 Veronensis
689 2643 823 2706 mendae
844 2663 909 2705 non
930 2644 1132 2728 respondeat.
1168 2642 1357 2729 Wodrigius
1377 2643 1475 2728 igitur

322 2747 353 2829 5,
368 2748 397 2829 3,
414 2746 445 2826 5,
475 2739 550 2808 555
578 2744 685 2829 ipsum
711 2743 826 2808 vitium
848 2743 1069 2810 Victorianum
1091 2744 1143 2810 vel
1162 2745 1374 2811 Nicomachos
1393 2747 1473 2808 intu-

322 2846 397 2912 lisse
421 2845 663 2927 demonstraret,
685 2845 815 2932 dempta
837 2845 877 2910 de
896 2869 987 2929 voce,
1011 2869 1092 2934 quae
1114 2847 1231 2914 tradita
1252 2856 1286 2912 in
1301 2847 1471 2914 Veronensi

324 2957 374 3014 est
389 2946 614 3028 „viderentur“
631 2967 695 3009 una
707 2946 813 3013 littera
825 2955 884 3023 ‚,n“
898 2947 1065 3014 lectionem
1080 2951 1216 3036 probam
1232 2951 1397 3036 sensuique
1409 2948 1471 3014 loci

325 3043 445 3137 optime
457 3049 699 3115 convenientem
712 3051 859 3115 restituit
873 3051 1006 3115 Eodem
1021 3052 1119 3121 modo
1128 3054 1346 3118 Mommsenus
1359 3053 1387 3134 4,
1394 3052 1471 3135 58,4

324 3153 389 3218 levi
402 3150 545 3218 remedio
560 3149 614 3214 illo
629 3148 722 3216 allato
743 3174 803 3237 pro
818 3153 896 3217 vitio
921 3156 1053 3236 „restari
1074 3157 1320 3221 5555555555α
1338 3154 1417 3240 quod
1436 3155 1469 3216 in

324 3255 510 3321 recensione
516 3253 705 3318 Victoriana
714 3253 749 3316 in
759 3262 897 3338 ,restare
907 3255 1155 3322 nuntiabantur“
1165 3259 1252 3340 abiit,
1263 3257 1466 3342 ,5551551555-

325 3358 483 3424 tiabatur“
501 3356 649 3441 conjecit,
671 3365 766 3442 atque
782 3358 1065 3424 Weissenbornius
1084 3361 1114 3443 5,
1130 3361 1216 3443 53,2
1238 3381 1297 3447 pro
1316 3361 1465 3443 „transmi-

324 3465 522 3546 grarentur“,
538 3459 625 3544 quod
639 3459 789 3524 vitiosum
806 3468 856 3524 est
872 3457 1190 3548 „t1·ansmigraretur“
1209 3473 1389 3528 cunctanter
1400 3481 1461 3548 prc-

326 3562 433 3648 posuit
449 3561 564 3640 [Victr
587 3563 950 3648 tramsmiprcprcmusJ.
986 3565 1161 3651 Ejecerunt
1181 3574 1288 3630 autem
1303 3564 1463 3650 posteriore

325 3666 398 3731 loco
420 3671 615 3729 correctores
636 3666 832 3728 recensionis
857 3666 1060 3731 Victorianae
1089 3667 1252 3751 passivam
1274 3667 1410 3747 formam,
1432 3675 1465 3728 ut

327 3767 526 3832 enuntiatum
543 3773 597 3847 „ut
607 3755 707 3829 Veios
721 3768 1039 3852 transmigraremus“
1056 3768 1273 3834 antecedentis
1288 3765 1465 3854 paragraphi

327 3869 557 3935 constructioni
586 3869 712 3934 activae
740 3870 868 3952 „omnia
888 3869 988 3934 Veios
1015 3871 1173 3955 migrare“
1202 3871 1465 3936 accommodarent

328 3973 389 4058 (ef.
406 3973 451 4037 od
465 3975 496 4053 4,
508 3971 559 4052 24,
569 3973 591 4034 ’6
602 3973 733 4058 55537
745 3995 829 4060 seqq.
830 3978 858 4056 ),
874 3993 948 4036 eum
959 3973 1156 4039 Veronensis
1172 3975 1327 4060 scriptura
1340 3972 1463 4059 perbene

327 4076 360 4138 in
390 4072 534 4138 eiusdem
563 4075 787 4139 enuntiationis
816 4074 1102 4142 conformationem
1131 4075 1234 4159 ,hane
1260 4075 1386 4141 eandem
1405 4097 1463 4140 rem

327 4186 432 4244 actam
455 4181 544 4242 esse“
568 4177 711 4263 quadret.

413 4279 561 4365 Denique
583 4279 654 4343 1000
677 4281 707 4362 6,
722 4279 788 4361 4,8
809 4279 904 4344 lectio
928 4278 1181 4366 „relinquerent“
1207 4303 1266 4367 pro
1289 4281 1460 4346 Veronensis

327 4384 564 4449 constructione
575 4383 705 4468 passiva
717 4381 997 4468 „relinqueretur“,
1014 4405 1110 4470 quam
1125 4383 1224 4449 multo
1236 4393 1310 4448 ante
1322 4383 1460 4448 detectum
