3200 5030
808 338 958 436 *a*

303 539 447 603 sionibus
468 557 658 624 proponam,
680 537 898 602 Veronensem
921 538 979 602 etsi
1001 539 1126 604 mendis
1143 539 1387 604 refertissimum
1403 542 1471 606 uti-

303 662 365 727 que
387 639 567 705 recensioni
581 638 774 703 Victoranae
796 638 860 704 fide
883 643 1207 726 praestarearbitror.
1244 640 1418 705 Nemeum
1436 653 1469 706 et

300 753 365 808 tres
386 740 459 805 illae
481 741 763 826 interpolationum
785 740 902 806 classes
925 743 985 827 (cf.
1009 745 1054 808 ad
1075 747 1105 825 4,
1130 743 1180 826 17,
1196 745 1216 808 9
1232 745 1353 829 pagati
1377 767 1466 830 seq.;
1525 755 1529 829 Ι

303 845 347 909 ad
369 843 399 926 5,
422 845 479 926 33,
495 844 515 906 5
531 867 616 930 pap.
633 844 746 926 26127,
771 843 816 907 od
837 846 867 925 4,
890 844 941 924 24,
957 846 976 910 6
993 869 1077 932 pop.
1094 845 1134 910 37
1151 850 1253 932 seqq.)
1277 855 1309 911 et
1328 845 1466 911 lacunae
1524 887 1528 926 2

301 946 430 1032 saepius
443 967 556 1031 parum
567 944 778 1030 probabiliter
788 944 935 1032 expletae
945 948 1005 1031 (cf.
1018 949 1063 1012 ad
1073 945 1104 1030 4,
1115 948 1163 1030 17,
1174 949 1210 1012 11
1219 970 1303 1034 pap.
1314 949 1465 1034 lOseqq.)
1525 936 1528 949 ¹

301 1059 334 1113 et
353 1049 432 1113 vitia
453 1049 632 1111 communis
654 1048 751 1112 fontis
772 1068 839 1111 non
860 1057 948 1113 recte
970 1049 1106 1136 expulsa
1121 1056 1138 1133 (
1139 1049 1181 1135 <f
1190 1073 1275 1136 pap.
1294 1050 1332 1114 18
1347 1073 1433 1136 seqq.
1435 1055 1465 1133 ),

301 1150 439 1236 denique
461 1149 552 1214 multi
572 1149 635 1215 loci
656 1157 774 1214 temere
789 1152 904 1215 mutati
917 1151 1013 1216 fidem
1028 1153 1224 1217 recensionis
1239 1174 1259 1216 a
1275 1152 1465 1218 Victoriana

300 1261 397 1338 atque
426 1273 447 1315 a
473 1251 677 1317 Nicomachis
704 1261 872 1336 susceptae
900 1255 1111 1340 perexiguam
1141 1277 1211 1320 esse
1242 1254 1464 1320 demonstrent

302 1354 362 1440 (cf.
390 1354 569 1418 Niebuhrii
590 1353 757 1440 judicium
778 1377 864 1440 pay.
890 1356 910 1419 3
937 1361 1164 1442 exscriptum),
1195 1357 1391 1423 Veronensis
1427 1359 1463 1420 in

300 1457 427 1522 duobus
448 1456 699 1522 differentiarum
719 1457 900 1540 generibus,
924 1480 1006 1544 quae
1021 1460 1223 1544 pertractavi,
1245 1458 1464 1544 interpolandi
1514 1509 1519 1516 .

300 1561 406 1625 studio
421 1580 552 1646 prorsus
567 1557 750 1622 liberandus
766 1567 823 1622 est.
861 1559 979 1643 Quare,
1003 1562 1029 1624 si
1044 1583 1101 1626 eae
1116 1560 1358 1647 discrepantiae,
1381 1583 1462 1648 quas

298 1664 435 1728 intactas
451 1660 574 1745 reliqui,
598 1670 629 1725 et
643 1661 733 1745 ipsae
748 1671 894 1726 accurate
911 1661 1061 1727 collectae
1076 1672 1171 1750 atque
1187 1672 1341 1728 tractatae
1356 1675 1461 1746 erunt,
1528 1680 1534 1797 Ι

298 1763 386 1828 haud
414 1763 512 1828 dubie
540 1783 604 1826 non
633 1760 736 1826 solum
764 1762 798 1826 in
828 1765 873 1827 eis
901 1763 1003 1846 libris,
1035 1765 1091 1829 ubi
1122 1765 1315 1830 Veronensis
1344 1775 1461 1849 exstat,
1530 1812 1533 1838 .

299 1865 356 1930 sed
379 1866 475 1931 etiam
499 1865 542 1929 ad
568 1863 821 1929 constituendam
849 1874 948 1930 totam
976 1867 1114 1951 primam
1136 1865 1292 1932 decadem
1314 1889 1460 1932 summus
1528 1843 1535 1983 l

300 1969 497 2055 percipietur
517 1967 648 2032 fructus.
1528 1994 1534 2030 ι
