3200 5030
780 307 930 406 „25-

280 513 312 592 4,
330 512 378 592 13,
395 512 435 576 12
441 534 454 593 ,·
476 512 508 591 5,
524 511 553 591 7,
572 509 610 573 12
626 508 735 591 alibi),
757 531 873 595 operae
888 511 1028 595 pretium
1042 533 1082 575 ne
1097 510 1203 574 dicam
1216 511 1439 576 necessarium

279 612 417 696 videtur,
446 613 479 676 in
509 610 694 677 collocanda
722 609 822 676 verba
849 611 1018 698 inquirere,
1046 623 1091 694 ut,
1122 613 1149 676 si
1178 613 1347 698 possimus,
1371 633 1438 677 uno

279 714 418 780 alterove
439 713 511 778 loco
527 714 745 779 Veronensem
760 711 970 778 defendamus
991 714 1153 801 fidemque
1174 715 1306 778 nimiam
1328 737 1439 779 recen-

281 817 362 881 sioni
383 816 589 882 Victorianus
614 815 719 881 adhuc
746 814 890 888 habitam
912 819 1016 903 magis
1039 818 1206 904 magisque
1228 816 1436 882 infirmamus.

364 919 414 984 Ac
428 920 570 1004 primum
587 918 716 1004 quidem
738 919 778 984 de
799 919 959 984 nonnullis
980 919 1068 1002 locis,
1091 919 1207 1005 quibus
1230 918 1294 982 duo
1317 918 1439 984 similes

280 1022 504 1108 adjungentur,
537 1043 680 1107 agamus,
713 1021 770 1087 ubi
802 1022 983 1108 subjectum
1015 1021 1068 1086 vel
1098 1023 1132 1086 in
1160 1021 1358 1087 nominativo
1384 1021 1439 1087 vel

282 1134 436 1210 usurpata
459 1124 639 1190 accusativi
661 1146 735 1188 cum
757 1125 916 1189 infinitivo
939 1124 1174 1189 constructione
1196 1125 1230 1188 in
1253 1125 1438 1189 accusativo

280 1228 424 1312 positum
447 1226 576 1290 diverso
599 1227 754 1292 enuntiati
775 1226 846 1291 loco
868 1225 995 1312 legitur.

364 1329 417 1393 De
439 1329 469 1412 3,
491 1330 542 1411 67,
564 1330 584 1393 3
606 1337 722 1414 [perpe
745 1332 825 1413 rapi
844 1352 893 1394 me
913 1331 1020 1396 Romu
1041 1329 1171 1394 consule
1187 1330 1316 1413 potuit“
1348 1328 1414 1393 Ver.
1422 1349 1437 1410 ,·

284 1452 380 1517 „erqo
409 1432 489 1516 cupi
509 1432 615 1497 Roma
642 1455 690 1496 rae
719 1432 850 1497 consule
870 1433 1000 1516 potuit“
1029 1431 1125 1509 Vict]
1150 1431 1221 1516 jam
1246 1427 1437 1515 Wodrigius

281 1532 433 1598 disseruit
454 1541 561 1618 atque,
582 1543 619 1598 ut
639 1534 835 1599 Veronensis
857 1531 1028 1600 lectionem
1049 1533 1184 1618 probam
1208 1553 1278 1596 esse
1307 1530 1439 1596 demon-

198 1699 201 1704 ,
281 1643 406 1715 strarct,
439 1636 545 1722 primo
577 1634 731 1700 nonnulla
762 1634 912 1722 exempla
942 1633 1163 1721 implicatioris
1195 1633 1281 1720 apud
1306 1633 1437 1698 Livium

281 1736 454 1803 verborum
478 1736 600 1802 ordinis
621 1737 737 1818 attulit,
760 1758 843 1824 quae
864 1736 1006 1802 adhunc
1024 1737 1132 1802 locum
1146 1738 1251 1801 minus
1266 1736 1437 1823 pertinent.

281 1839 409 1904 Deinde
437 1838 478 1904 ad
504 1838 658 1904 tuendam
686 1841 800 1927 ipsam,
823 1839 864 1906 de
886 1862 951 1926 qua
971 1839 1155 1925 ambigitur,
1178 1837 1351 1904 verborum
1373 1838 1438 1904 col-

281 1941 474 2006 locationem
506 1943 705 2029 comparavit
740 1951 891 2028 quattuor
922 1942 1019 2026 locos,
1056 1942 1167 2008 dicens
1201 1963 1285 2026 ,non
1321 1940 1439 2008 desunt

282 2044 440 2129 exempla,
469 2041 526 2108 ubi
552 2043 685 2110 ablativi
714 2042 864 2127 absoluti,
887 2046 942 2130 qui
962 2054 1126 2126 vocantur,
1148 2046 1345 2131 interpositis
1366 2045 1439 2111 aliis

281 2144 448 2211 vocabulis
463 2144 684 2211 dirimantur“.
723 2145 790 2212 Sed
810 2145 899 2212 locus
921 2147 973 2230 21,
988 2148 1018 2228 8,
1033 2149 1053 2212 2
1077 2149 1173 2232 („aiar
1189 2148 1439 2233 acorpientibus-

282 2270 384 2333 opcrc
405 2249 523 2330 locis“)
546 2248 587 2314 ab
609 2247 671 2314 hoc
692 2248 786 2313 valde
807 2247 967 2330 abhorret,
989 2271 1061 2313 cum
1083 2248 1274 2314 vocabulum
1299 2254 1435 2336 ,opera“

281 2349 430 2439 pendeat*
448 2373 490 2416 ex
517 2351 688 2437 participio
718 2349 851 2416 ablativi
879 2350 1027 2433 absoluti,
1057 2354 1148 2438 cujus
1178 2352 1439 2418 conformationis

281 2453 440 2540 permulta
462 2462 591 2518 exstant
612 2452 775 2541 exempla:
797 2438 877 2518 illud
898 2455 1006 2541 potius
1027 2453 1250 2520 illustrandum
1273 2464 1331 2539 est,
1352 2454 1438 2520 abla-

282 2556 340 2623 tivi
367 2554 506 2621 absoluti
533 2556 802 2622 constructionem
828 2556 974 2639 vocibus,
1005 2579 1086 2644 quae
1116 2579 1159 2622 ex
1184 2559 1255 2643 ipsa
1276 2579 1340 2621 non
1361 2578 1439 2643 pen-

283 2658 389 2742 deant,
416 2659 524 2724 dirimi
550 2679 656 2746 posse.
699 2659 773 2724 Jam
802 2658 927 2747 reliqua
954 2660 1022 2725 eius
1048 2657 1197 2745 exempla
1226 2659 1286 2745 (cf.
1308 2659 1439 2725 Wciasb.

284 2763 330 2826 ud
350 2763 402 2845 38,
417 2762 470 2844 47,
485 2762 524 2844 7,·
552 2763 688 2828 Kbbncr
715 2761 736 2826 l.
758 2763 790 2826 d.
812 2762 859 2826 Il.
886 2767 917 2844 ξ.
942 2763 1001 2828 118
1023 2761 1064 2827 A.
1089 2762 1128 2826 19
1129 2767 1154 2846 )¹
1178 2761 1335 2847 praebent
1366 2783 1438 2848 pro-

282 2886 400 2929 nomen
431 2865 550 2951 „ipse“,
579 2864 665 2952 quod
699 2885 795 2950 quam
828 2885 924 2949 saepe
957 2867 1059 2948 (sicut
1073 2885 1257 2950 pronomen
1284 2867 1439 2950 quisque)

283 2966 482 3054 quibuslibet
495 2965 662 3034 vocabulis
677 2976 745 3032 arte
760 2965 1005 3031 cohaerentibus
1026 2969 1256 3054 interponatur,
1278 2967 1438 3031 neminem

283 3070 376 3155 fugit.
419 3069 535 3156 Itaque
568 3090 640 3132 oum
674 3069 956 3154 circumspicerem
989 3068 1076 3134 locos
1109 3067 1222 3134 melius
1253 3067 1328 3132 huic
1365 3088 1438 3132 con·

282 3172 432 3238 ferendos
465 3172 606 3258 quinque
638 3171 763 3236 inveni:
800 3172 827 3253 1,
850 3170 938 3252 7,11
975 3172 1108 3256 „dextra
1137 3169 1296 3236 Hercules
1325 3169 1439 3252 data“;

283 3276 335 3357 22,
349 3273 398 3357 17,
411 3274 446 3338 7:
472 3274 612 3358 ,interea
632 3282 699 3338 toto
714 3275 842 3358 agmine
857 3273 1020 3339 Hannibal
1041 3273 1259 3356 transducto“,
1278 3275 1329 3355 21,
1339 3273 1390 3355 31,
1402 3273 1440 3336 9:

287 3376 425 3461 „sedatis
445 3375 608 3440 Hannibal
631 3375 891 3458 certaminibus“,
912 3378 963 3458 21,
978 3378 1030 3458 48,
1045 3378 1080 3442 5:
1105 3376 1294 3461 „missisque
1316 3375 1439 3439 Hanni-

284 3477 337 3544 bal
351 3480 491 3565 primum
507 3476 687 3559 Numidis“,
708 3479 759 3559 24,
771 3478 821 3562 25,
833 3480 868 3544 3:
893 3479 1029 3563 ,clausis
1044 3478 1297 3545 Andranodorus
1311 3475 1439 3542 Insulae

285 3583 421 3669 portis“;
455 3582 551 3646 etiam
583 3581 672 3667 apud
706 3580 876 3646 Gaesarem
910 3582 1010 3666 (Bell.
1036 3581 1103 3647 Cia.
1126 3581 1274 3662 3,12,1)
1302 3579 1438 3666 legimus

286 3693 434 3772 „recepto
457 3682 576 3748 Caesar
599 3683 727 3766 Orico“,
751 3685 808 3750 ubi
828 3682 970 3749 videnda
991 3692 1074 3766 sunt,
1097 3704 1178 3768 quae
1194 3683 1323 3748 Kraner
1343 3703 1438 3747 anno-

284 3789 375 3854 tavit.
415 3787 469 3850 Ex
490 3785 540 3850 bis
563 3784 719 3871 exemplis
741 3785 821 3870 loco,
844 3786 884 3851 de
907 3807 971 3872 quo
994 3786 1176 3871 exponitur,
1199 3783 1355 3849 similibus
1378 3783 1439 3849 col-

284 3888 449 3974 ligendum
478 3899 535 3971 est,
563 3889 695 3953 nomina
721 3890 851 3975 propria
880 3890 914 3953 in
940 3888 1137 3952 nominativo
1165 3888 1272 3974 posita
1295 3908 1439 3952 nonnun-

285 4013 382 4080 quam
404 3990 536 4057 ablativi
558 3989 697 4055 absoluti
718 3991 989 4055 constructionem
1006 3991 1249 4076 interrumpere.
1284 3990 1359 4070 Qui,
1382 3990 1439 4054 etsi

283 4095 395 4176 rarior,
417 4116 504 4176 usus,
527 4092 654 4179 quovis
676 4095 941 4179 transpositorum
963 4093 1129 4157 notionum
1151 4100 1297 4177 augetur,
1319 4092 1441 4177 optimo

284 4199 318 4261 in
341 4199 534 4264 concitatam
549 4196 695 4277 Quinctii
716 4193 857 4261 consulis
878 4196 1056 4262 oraticnem
1076 4192 1220 4281 quadrat,
1243 4216 1316 4258 oum
1331 4191 1439 4258 verbis

286 4306 376 4386 „mo“
406 4310 439 4366 et
470 4300 610 4386 ,Roma“
638 4298 766 4385 pondus
787 4297 864 4362 addi
884 4295 936 4364 vel
957 4299 1098 4362 maxime
1120 4307 1368 4363 consentaneum
1390 4296 1440 4362 sit.
