3200 5030
173 515 434 598 (Mommseaam,
457 515 675 600 Madoiqiam,
703 516 918 602 Wodriqiam,
947 516 1257 600 Weissenbornirmn)
1281 518 1335 584 ob·

173 618 261 682 viam
284 617 434 703 equidem
456 616 542 680 haud
562 617 736 702 probarim,
764 620 840 704 quia
861 640 903 682 ex
925 617 1216 703 subscriptionibus
1238 617 1334 694 libro-

172 741 244 782 rum
274 728 417 805 apparet,
446 718 681 784 Nicomachum
702 720 864 785 Dextrum
885 718 985 784 libros
1006 721 1068 802 ΙΙΙ,
1089 721 1146 798 IV,
1170 721 1211 803 V,
1238 720 1335 786 Nico·

172 821 322 884 maehum
337 819 529 885 Flavianum
544 819 643 884 libros
658 822 715 904 VI,
730 823 804 904 VH,
821 823 913 904 VIII,
935 822 1158 886 Victorianum
1174 823 1335 909 quendam

172 930 273 986 totam
303 921 459 986 decadem
488 925 688 988 recensuisse
719 924 780 1010 (cf
809 925 879 990 Otto
900 927 1013 991 Jahn:
1043 927 1120 990 Ber.
1147 927 1206 989 der
1227 927 1334 991 adeles.

174 1024 387 1110 Gerellschaft
416 1027 475 1088 der
508 1025 600 1088 Wiss.
633 1025 712 1090 1851
737 1050 820 1112 pop.
849 1027 911 1092 335
941 1032 1054 1113 seqq).
1104 1027 1204 1092 Recte
1234 1029 1336 1112 igitur

172 1125 324 1190 Hertzius
346 1117 383 1189 in'
401 1125 586 1210 prolusione
609 1127 757 1192 editionis
772 1150 849 1192 suae
865 1134 962 1215 (paq.
977 1129 1101 1209 XXXI)
1116 1129 1334 1194 recensionem

173 1226 259 1292 illam
278 1228 423 1310 ,domnis
436 1227 659 1314 Symmachis“
676 1230 794 1294 factam
811 1230 1132 1305 „Victorianam“
1148 1233 1335 1315 nominavit,

172 1351 273 1415 eoque
288 1330 457 1394 reserenda
472 1339 555 1412 sunt,
571 1353 654 1417 quae
670 1331 884 1418 Symmachus
900 1334 1031 1417 scripsit
1045 1334 1079 1395 in
1089 1333 1193 1419 Epist.
1206 1334 1266 1417 IX,
1281 1335 1335 1399 13:

82 1443 86 1450 '
173 1453 311 1513 „munus
341 1434 438 1497 totius
468 1435 584 1520 operis,
615 1435 701 1520 quod
730 1434 899 1521 spopondi,
929 1436 1024 1500 etiam
1055 1456 1141 1498 nunc
1169 1434 1336 1521 diligentia
1383 1433 1384 1436 '

172 1535 405 1600 emendationis
432 1543 595 1600 moratur“
621 1532 687 1620 ‘(cf.
709 1538 803 1603 Jahn
824 1538 846 1601 l.
869 1539 900 1600 d.
921 1561 1004 1623 paq.
1027 1537 1118 1617 337).
1163 1537 1335 1616 Quomodo

171 1659 248 1702 vero
281 1633 401 1702 factum
434 1641 484 1720 sit,
518 1649 553 1702 ut
585 1638 839 1724 subscriptiones
867 1638 1138 1704 Nicomachorum
1166 1659 1232 1702 una
1261 1660 1334 1704 cum

172 1738 353 1805 Victoriani
371 1742 583 1822 inveniantur,
606 1750 714 1805 utrum
736 1739 789 1803 bio
812 1762 903 1804 suam
927 1739 1149 1805 camillorum
1172 1741 1335 1826 exempla-

171 1841 261 1906 ribus
285 1865 416 1930 operam
440 1842 611 1907 contulerit
632 1842 692 1927 (cf.
710 1843 947 1908 Drakenborch
978 1843 1043 1907 Vol.
1057 1843 1128 1923 XV,
1143 1865 1228 1928 pop.
1243 1843 1335 1924 618),

173 1967 214 2008 an
237 1954 349 2030 postea
371 1947 404 2008 in
426 1944 537 2009 codice
552 1943 606 2008 illo
622 1944 766 2010 derivato
782 1945 843 2028 (cf.
859 1945 999 2026 Madvig]
1014 1945 1086 2007 Em.
1102 1944 1173 2008 La.
1190 1945 1334 2010 Prooem.

167 2069 250 2130 paq.
279 2047 316 2126 5)
345 2045 614 2110 Nicomachorum
643 2056 674 2110 et
702 2046 882 2110 Victoriani
913 2046 1116 2110 recensiones
1145 2048 1336 2132 conjunctae

171 2149 246 2228 sint,
275 2147 317 2210 ad
345 2147 432 2233 quod
462 2147 657 2212 credendum
685 2146 830 2235 duplices
856 2145 996 2211 Medicei
1024 2155 1056 2211 et
1082 2146 1334 2212 Wormaciensis

171 2250 362 2332 (Rhodani)
385 2248 536 2314 lectiones
552 2251 680 2335 saepius
696 2272 769 2314 cum
785 2249 963 2314 Veronensi
978 2259 1191 2333 congruentes
1206 2247 1335 2332 ducant,

170 2373 256 2414 nuno
286 2350 417 2437 quidem
445 2351 618 2417 decernere
648 2373 713 2415 non
739 2353 853 2416 ausim.
897 2351 1038 2436 Quoquo
1069 2350 1164 2414 modo
1186 2373 1239 2416 res
1262 2374 1334 2416 sese

169 2452 276 2535 habet,
297 2475 362 2518 non
384 2455 527 2518 codicem
550 2453 756 2539 neglegenter
777 2463 954 2535 exaratum,
976 2475 1092 2517 verum
1114 2454 1332 2520 recensionem

170 2576 190 2617 a
216 2556 295 2619 viris
325 2555 366 2619 ab
389 2557 567 2620 litterarum
591 2556 696 2619 studio
718 2554 806 2619 haud
827 2554 939 2620 alienis
961 2564 1144 2641 susceptam
1165 2554 1332 2622 habemus.

169 2657 220 2720 Ita
235 2657 320 2720 enim
335 2660 452 2721 rectius
469 2657 640 2722 dicendum
653 2659 714 2721 erit
726 2659 787 2742 (cf.
798 2658 966 2722 Niebuhr:
978 2657 1072 2722 Rom.
1086 2656 1200 2721 Gesclr.
1210 2659 1257 2741 ΙΙ,
1269 2659 1330 2723 207

171 2760 250 2839 „wir
271 2759 399 2843 haugen
420 2757 473 2824 bei
495 2759 552 2822 der
573 2769 678 2823 ersten
700 2758 841 2823 Dekade
863 2779 906 2822 an
928 2758 1001 2823 dem
1022 2758 1135 2823 Fadcn
1157 2760 1245 2823 eines
1267 2761 1331 2824 ein·

168 2860 261 2944 zigen
283 2859 523 2945 Urexemplars,
550 2861 664 2926 dessen
686 2860 771 2925 Text
801 2860 903 2925 durch
926 2862 997 2924 eine
1019 2860 1095 2924 sehr
1116 2859 1330 2946 leichtfertige

161 2962 348 3036 ,Recension
368 2963 566 3049 angeordnet
586 2964 673 3049 ist“),
696 2964 772 3050 quia
793 2962 889 3027 rebus
911 2961 1051 3049 publicis
1074 2971 1106 3026 et
1126 2962 1331 3027 Victorianus

169 3074 202 3128 et
219 3063 409 3129 Nicomachi
430 3067 571 3130 maxime
593 3067 805 3131 interfuerunt
825 3065 964 3151 ideoque
985 3065 1019 3127 in
1042 3065 1106 3129 otio
1129 3073 1252 3128 tantum
1276 3087 1331 3130 eos

167 3167 372 3232 restituendis
404 3166 457 3231 vel
490 3169 683 3234 sustinendis
715 3167 855 3253 antiquis
888 3166 1002 3232 litteris
1036 3186 1166 3252 operam
1204 3165 1332 3231 dedisse
1412 3205 1417 3215 ·

168 3268 341 3333 verisimile
363 3278 420 3351 est,
444 3292 517 3334 cum
532 3270 751 3334 Mommsenus
773 3271 894 3356 passim
917 3270 1002 3332 viros
1026 3266 1137 3332 doctos
1157 3289 1212 3331 eos
1227 3279 1328 3339 vocet.

252 3370 325 3434 Jam
348 3392 426 3435 vero
448 3374 539 3447 ratio,
570 3395 634 3459 qua
655 3373 739 3436 Livii
760 3374 860 3436 verba
882 3371 1102 3452 emendarunt,
1124 3369 1229 3454 magis
1251 3370 1332 3435 anti-

168 3473 300 3558 quitatis
331 3470 573 3560 litterarumque
608 3483 790 3537 amatorum
827 3494 923 3559 quam
958 3472 1244 3557 grammaticorum
1277 3471 1331 3537 vel

166 3575 333 3640 hominum
355 3575 525 3641 doctorum
546 3584 604 3657 est,
626 3577 719 3660 cujus
741 3576 788 3640 rei
812 3574 991 3639 certissimo
1013 3581 1212 3659 argumento,
1235 3583 1272 3638 ut
1289 3573 1331 3639 de

167 3677 238 3741 aliis
259 3689 393 3760 taceam,
421 3687 496 3741 sunt
517 3679 547 3742 ei
567 3676 640 3760 loci,
667 3676 725 3742 ubi
747 3675 935 3741 exhibentes
958 3677 1096 3757 easdem,
1126 3695 1207 3761 quas
1229 3675 1330 3740 Vero·

168 3780 287 3860 nensis,
309 3780 443 3844 mendas
465 3779 633 3866 archetypi
653 3779 806 3845 lectiones
828 3788 939 3864 aperte
960 3777 1057 3842 falsas
1079 3799 1236 3842 essenon
1257 3800 1330 3864 per·

168 3891 342 3966 spexerunt
364 3881 424 3967 (cf.
443 3884 588 3947 Momms.
610 3882 632 3946 l.
655 3883 686 3946 d.
706 3882 885 3968 pa9.179,·
908 3882 1058 3966 Madvig.
1074 3881 1145 3945 Em.
1160 3880 1231 3945 La.
1247 3881 1328 3945 Pro-

169 4006 245 4048 ocm.
263 4005 347 4068 paq.
363 3983 404 4046 39
419 3989 511 4070 seq).
554 3984 614 4048 Est
634 3985 730 4066 enirn,
754 3984 841 4070 quod
862 3992 949 4048 recte
966 3983 1186 4047 Mommsenus
1208 3980 1332 4066 Zump-.

166 4086 248 4150 tium
276 4096 405 4150 secutus
433 4084 630 4170 approbante
655 4087 822 4171 Madvigio
850 4084 888 4169 (l.
919 4087 950 4150 d.
972 4110 1056 4173 paq,
1079 4086 1137 4165 38)
1166 4084 1329 4170 exposuit,

167 4189 363 4254 Veronensis
392 4196 448 4251 aut
476 4209 517 4251 ex
539 4186 662 4269 eodem,
691 4209 754 4273 quo
777 4187 876 4253 altera
898 4191 1052 4270 recensio,
1075 4185 1187 4250 codice
1208 4194 1265 4250 aut
1286 4207 1328 4249 ex

165 4289 248 4355 libro
259 4289 396 4375 gemello
406 4287 596 4374 descriptus,
608 4290 652 4353 ita
661 4300 697 4356 ut
704 4291 908 4356 Victorianus
919 4299 951 4354 et
961 4289 1149 4354 Nicomachi
1161 4288 1330 4373 exemplar

1097 4392 1112 4453 1
1123 4392 1134 4417 a
