3200 5030
716 359 759 422 45

156 564 195 628 iis
218 570 417 628 sacramento
439 562 620 647 adigantur,
643 560 812 645 singularis
827 583 878 625 res
899 569 956 641 est,
980 559 1066 645 quod
1088 560 1206 645 inipso
1223 560 1314 625 initio
1362 601 1393 655 α

157 663 232 731 belli
247 686 357 730 omnes
377 663 519 728 seniores
540 685 560 726 a
582 663 738 731 dictatore
759 665 793 728 in
808 660 908 729 verba
929 663 997 726 eius
1013 663 1115 749 jurati
1138 664 1316 726 centuriau-

156 775 217 832 tur.
263 765 429 831 Sententia
459 767 505 830 ita
536 765 697 832 intellecta
724 765 894 831 verborum
924 764 1003 828 ordo
1037 766 1088 848 „in
1116 787 1174 829 sua
1194 763 1312 830 verba“

157 867 321 954 praeclare
350 867 424 931 huic
452 867 523 932 loco
552 869 814 933 accommodatus
836 877 893 951 est,
917 890 1013 955 quem
1035 867 1242 932 Victorianus
1264 864 1316 932 vel

157 968 347 1035 Nicomachi
369 979 489 1035 temere
511 972 690 1037 turbarunt.

241 1072 316 1137 Jam
338 1093 414 1137 vcro
436 1081 474 1136 ut
494 1072 536 1136 ad
557 1071 736 1138 collocandi
757 1071 903 1137 adverbii
930 1071 1161 1158 discrepantias
1183 1070 1317 1136 acceda-

158 1197 241 1257 mus,
274 1174 464 1240 brevissime
501 1183 565 1239 tres
597 1174 694 1255 locos,
731 1195 868 1260 quorum
900 1174 981 1238 duos
1014 1175 1044 1257 3,
1074 1175 1126 1257 62,
1152 1175 1172 1238 6
1204 1174 1315 1252 [Vens

160 1277 318 1362 „alteram
334 1277 420 1359 (scil.
436 1278 627 1359 coercitam)
644 1301 729 1344 0000
752 1300 859 1362 nuper
879 1279 1020 1342 victoria
1041 1277 1178 1342 elatura“
1188 1299 1200 1359 ,·
1221 1277 1315 1342 ilict:

161 1379 318 1464 „alteram
348 1369 457 1463 caper
484 1402 570 1444 oooo
599 1383 739 1446 victorio
768 1381 926 1457 elatum“]
954 1388 986 1443 et
1011 1379 1173 1461 4,13,12
1201 1378 1315 1456 [Ver.:

161 1481 359 1566 „Quinctius
369 1483 480 1564 primo
493 1482 654 1546 cbaoerc“
662 1507 674 1565 ,·
691 1485 786 1550 Vict:
804 1484 929 1569 „primo
945 1482 1120 1554 Quinctius
1134 1481 1315 1558 abnuere“]

158 1582 348 1667 Wodrigius
371 1605 412 1647 ex
434 1583 622 1667 Veronensi,
645 1608 745 1649 unum
772 1587 801 1667 3,
823 1586 873 1665 65,
898 1586 917 1650 6
939 1584 1055 1661 [Vsa.-
1080 1583 1227 1667 „arbaao
1252 1583 1315 1646 otio

148 1686 244 1772 foris
272 1709 396 1774 quoque
424 1688 535 1751 omnia
556 1689 739 1773 tranquilla
764 1689 1016 1771 adfirmoatcs“,·
1046 1686 1141 1751 Vtet:
1166 1685 1314 1768 „arbaco

160 1785 293 1876 qaoque
305 1792 369 1855 otio
382 1787 475 1873 foris
496 1794 591 1869 etc.“]
613 1789 798 1875 Madvigius
813 1791 883 1874 jam
898 1798 971 1853 ante
985 1786 1148 1873 proditum
1164 1786 1196 1850 in
1212 1785 1315 1851 lucem

159 1892 380 1957 Veronensem
402 1900 488 1955 recte
510 1891 799 1974 conformaverunt,
821 1911 1090 1955 commemorasse
1112 1889 1188 1954 satis
1211 1898 1268 1953 est.

241 1993 370 2058 Deinde
392 1993 422 2073 3,
439 1993 526 2074 68,2
554 1994 684 2057 tradunt
710 1992 783 2058 libri
805 1993 985 2057 Victoriani
1016 1992 1158 2076 „fumare
1184 1992 1317 2055 incensa

158 2096 281 2182 passim
304 2098 425 2176 tects“;
449 2093 538 2160 Ver:
564 2094 704 2178 „fumare
726 2097 848 2181 passim
869 2096 1001 2160 incensa
1021 2099 1137 2177 tecta“,
1160 2095 1204 2158 ita
1227 2094 1316 2158 utin

158 2197 267 2283 priore
295 2195 432 2261 lectione
460 2195 648 2261 adverbium
678 2200 835 2282 „passim“
865 2220 939 2262 cum
969 2196 1036 2262 solo
1063 2197 1226 2262 enuntiato
1251 2195 1316 2280 „in-

158 2320 257 2365 censa
284 2302 388 2363 tecta“
420 2300 572 2385 conjungi
598 2301 711 2384 possit,
740 2301 775 2363 in
802 2302 979 2386 posteriore
1008 2322 1049 2364 ex
1076 2321 1138 2364 usu
1160 2298 1316 2363 sermonis

159 2401 286 2466 Liviani
309 2401 370 2486 (cf.
394 2402 422 2484 1,
438 2402 489 2484 29,
505 2404 545 2485 6,·
567 2403 664 2483 2,26,
682 2403 719 2483 1,·
742 2403 772 2486 2,
786 2404 838 2486 45,
857 2405 915 2484 11,·
938 2404 968 2485 2,
983 2404 1035 2483 51,
1051 2403 1089 2483 5)
1112 2401 1223 2466 eodem
1249 2400 1317 2485 qui·

159 2502 233 2568 dem
255 2504 339 2568 trabi
359 2503 462 2587 liceat,
491 2503 548 2568 sed
571 2503 749 2590 simplicius
775 2504 974 2592 adverbum
998 2504 1158 2589 ,fumaref
1184 2512 1315 2589 spectet.

160 2604 196 2671 Si
210 2606 309 2690 igitur
323 2608 552 2671 sententiarum
570 2628 691 2670 nexum
707 2608 909 2692 respicimus,
931 2608 1105 2672 tenendum
1120 2614 1177 2688 001,
1199 2605 1317 2690 locum,

158 2706 279 2794 dequo
296 2709 432 2793 agimus,
453 2710 487 2772 in
502 2709 660 2773 acerrima
675 2709 820 2789 Quinctii
842 2709 982 2773 consulis
1004 2709 1147 2774 oratione
1168 2709 1316 2791 inveniri,

158 2831 223 2897 qua
245 2811 331 2874 cives
353 2812 386 2874 in
407 2808 520 2874 urbem
544 2808 752 2895 conglobatos
774 2820 806 2875 01
820 2810 861 2875 06
876 2810 1032 2875 arcendos
1046 2811 1154 2876 hostes
1169 2833 1209 2875 ne
1224 2810 1316 2874 mini·

159 2933 249 2976 mum
271 2912 401 2997 quidem
422 2912 622 2994 inclinantes,
644 2913 798 2978 adversus
818 2913 1024 2999 populatores
1044 2915 1197 2999 instigare
1220 2922 1317 2998 atque

158 3013 202 3078 ad
224 3037 365 3099 pugnam
387 3016 564 3081 accendere
585 3013 662 3085 vult.
693 3015 851 3081 Hortatur
864 3026 971 3080 autem
987 3037 1052 3098 eos,
1075 3025 1112 3080 ut
1132 3024 1225 3081 extra
1244 3036 1317 3101 por-

159 3126 225 3182 tam
247 3115 455 3204 Exquilinam
486 3118 692 3204 egrediantur
719 3127 784 3201 aut,
814 3119 841 3182 si
868 3142 909 3183 ne
931 3119 992 3182 hoc
1014 3118 1145 3205 quidem
1168 3116 1317 3200 audeant,

159 3219 202 3283 ad
236 3219 372 3283 visenda
403 3219 478 3284 beili
508 3219 593 3284 mala
623 3223 750 3285 moenia
783 3220 1011 3303 conscendant3
1041 3220 1088 3285 ibi
1116 3221 1223 3304 pergit
1256 3241 1317 3303 ,ex

158 3320 259 3384 muris
286 3321 380 3385 visite
405 3343 501 3406 agros
527 3323 612 3387 ferro
639 3324 770 3409 ignique
791 3331 943 3405 vastatos,
971 3322 1126 3408 praedam
1148 3321 1247 3407 abigi,
1269 3321 1317 3385 fu-

158 3443 248 3486 mare
269 3422 391 3508 passim
409 3425 541 3488 incensa
562 3431 646 3489 tecta
662 3433 678 3508 (
687 3427 784 3490 Vict:
808 3426 962 3510 „fumare
976 3429 1041 3491 iac.
1052 3447 1147 3510 poss.
1164 3428 1317 3507 tecto“)“,

159 3523 280 3611 quibus
302 3525 411 3591 verbis
432 3526 466 3588 id
488 3528 617 3611 assequi
638 3528 752 3610 studet,
775 3539 810 3594 ut
830 3529 916 3594 cives
930 3529 1097 3614 proposita
1118 3536 1192 3592 ante
1208 3526 1318 3592 oculos

160 3627 258 3692 totius
288 3629 358 3713 agri
386 3626 593 3714 populatione
622 3651 748 3693 summa
775 3630 1001 3714 indignatione·
1022 3629 1127 3694 affecti
1155 3651 1245 3694 arma
1267 3651 1318 3693 ca-

159 3741 301 3815 pessant.
329 3731 370 3796 In
391 3753 454 3816 quo
475 3740 628 3796 contextu
650 3739 898 3796 cousentaneum
921 3741 977 3814 001,
1001 3732 1192 3812 Quinctium
1206 3733 1318 3798 verbo-

160 3854 232 3896 rum
260 3834 547 3899 conformationem
576 3855 732 3920 usurpare
759 3832 866 3916 talem,
897 3843 932 3898 ut
953 3857 1000 3916 ea,
1033 3856 1115 3921 quae
1136 3835 1225 3918 fiant,
1247 3857 1318 3921 per-

160 3936 273 4021 spicue
307 3945 380 4001 ante
412 3937 611 4001 audientium
646 3938 771 4001 animos
803 3946 978 4002 versentur.
1026 3937 1122 4018 Quod
1155 3939 1318 4002 enuntiato

163 4037 306 4122 „fumare
338 4039 478 4123 000οἰ01α
512 4048 599 4103 certe
630 4039 744 4104 melius
776 4061 874 4125 quam
904 4039 1005 4105 verbo
1040 4040 1200 4125 ,600000α
1233 4038 1319 4102 nude

161 4141 268 4226 posito
290 4140 438 4223 efficitur,
461 4163 535 4206 cum
557 4143 627 4227 ipso
649 4135 738 4206 fumo
761 4141 882 4228 ubique
904 4153 1078 4230 conspecto
1107 4141 1257 4206 incendia
1277 4141 1320 4206 ab

162 4240 308 4307 hostibus
329 4243 415 4308 facta
436 4244 648 4309 animadverti
669 4245 794 4331 possint
815 4244 875 4330 (cf.
898 4246 928 4328 2,
943 4246 994 4327 63,
1010 4245 1047 4308 2.·
1073 4269 1164 4329 ,0010
1194 4244 1319 4309 Volscos

162 4345 276 4410 adesse
288 4345 388 4432 famo
410 4370 450 4411 eoo
471 4349 635 4413 incendiis
656 4345 814 4412 villorum
825 4345 983 4434 fugaque
1006 4349 1186 4433 agrestium
1208 4349 1318 4432 00901-

161 4457 232 4512 11101
257 4453 351 4531 0011),
