3200 5030
838 277 880 341 32

785 367 932 374 -—---—-—

278 480 504 567 (cf.7,14,3:
536 481 646 566 „moos
667 479 857 546 sibilorum
880 502 919 543 oc
940 489 1065 563 tempus
1081 481 1268 566 pupuuudi
1288 489 1452 565 sumptu·
1527 467 1554 501 ‘¹

276 605 341 666 roe,
364 585 394 647 ei
416 583 456 646 ab
478 583 674 666 imperatore
696 604 763 646 nou
785 581 919 663 detur“;
943 581 972 662 7,
994 582 1024 664 2,
1054 581 1119 662 11).

361 685 437 750 Jam
466 692 501 748 ut
529 705 600 748 eam
629 681 732 769 legem
761 684 796 748 in
825 683 910 747 hunc
939 681 1047 747 locum
1069 683 1308 765 transferamus,
1341 704 1451 747 nemo
1531 676 1558 743 “..

277 788 419 873 negabit,
452 788 626 851 sententiae
659 787 725 850 vim
758 785 948 871 pronomine
980 785 1123 869 ,ipsum“
1155 787 1329 867 contineri,
1364 806 1451 848 cum
1534 762 1559 873 .'

278 889 406 955 Camilli
426 887 527 954 uerba
549 909 622 953 eum
644 909 773 953 sensum
790 886 938 969 habeant,
961 887 1066 973 ipsum
1082 895 1205 952 certare
1219 908 1329 951 secum
1346 907 1450 972 opor·
1535 878 1536 895 ¹

277 1000 355 1073 tere,
383 990 468 1076 quod
495 988 573 1054 alias
594 989 665 1056 fieri
686 1012 750 1054 non
774 988 884 1071 soleat,
913 999 990 1054 tunc
1012 1011 1089 1053 vero
1111 989 1175 1072 fiat,
1198 1011 1272 1054 cum
1294 986 1447 1074 collegae

279 1094 397 1158 omisso
423 1093 506 1157 inter
532 1114 566 1156 se
595 1093 768 1158 certamine
796 1092 831 1154 in
852 1113 950 1154 unum
974 1112 1133 1154 summum
1155 1092 1326 1176 imperium
1349 1091 1447 1158 detu-

277 1196 380 1261 lerint.
418 1195 525 1275 Quare
547 1196 657 1281 utique
671 1195 887 1259 Veronensem
911 1215 1036 1279 sequor,
1052 1195 1240 1279 praesertim
1256 1216 1330 1258 cum
1344 1193 1446 1260 facile

278 1297 482 1362 Victorianus
504 1295 555 1362 vel
575 1295 764 1362 Nicomachi
785 1295 827 1360 ad
849 1293 1055 1361 turbandum·
1066 1297 1243 1381 genuinum
1264 1296 1441 1362 verborum

279 1400 423 1465 ordinem
445 1399 556 1464 induci
577 1401 740 1486 potuerint
761 1420 799 1464 ea
816 1422 860 1481 re,
883 1397 970 1485 quod
987 1402 1135 1482 „secum“
1153 1397 1346 1464 vocabulum
1364 1421 1435 1464 111111

278 1504 378 1568 verbo
403 1507 564 1588 ,certare“
588 1503 689 1566 artius
711 1502 864 1587 conjungi
884 1498 1062 1564 voluerunt.

363 1605 450 1668 Loco
465 1605 495 1684 5,
510 1605 562 1684 39,
578 1606 607 1686 9,
630 1625 693 1690 quo
716 1612 747 1668 11
768 1603 840 1688 ipso
863 1601 1030 1668 collocatio
1052 1603 1188 1689 subjecti
1203 1602 1297 1685 (Ace.
1313 1627 1339 1668 o.
1355 1603 1443 1687 ius.)

278 1707 362 1770 inter
383 1704 466 1769 duas
484 1705 687 1770 recensiones
709 1705 879 1790 discrepat,
901 1704 1032 1772 exhibet
1045 1705 1238 1770 Veronensis
1256 1727 1350 1789 ,nam
1364 1727 1444 1770 cum
1538 1740 1541 1799 3

279 1807 406 1874 defendi
428 1828 524 1893 posse
546 1807 657 1872 urbem
679 1816 744 1872 tam
766 1830 867 1894 parva
888 1806 999 1872 relicta
1020 1829 1117 1872 manu
1139 1829 1213 1892 spes
1235 1807 1322 1872 nulla
1344 1815 1443 1888 esset,
1538 1849 1539 1857 1

278 1911 400 1996 placuit
432 1931 505 1974 cum
538 1909 729 1996 conjugibus
761 1908 936 1996 liberisque
964 1911 1169 1995 juventutem
1203 1910 1373 1974 militarem
1405 1911 1442 1972 in
1538 1938 1540 1949 =

278 2034 387 2077 arcem
410 2011 667 2098 Capitoliumque
693 2011 880 2094 concedere,
906 2013 1067 2099 armisque
1089 2021 1120 2077 et
1140 2011 1300 2078 frumento
1323 2009 1441 2076 collato
1537 2062 1541 2079 .

280 2137 321 2179 ex
346 2112 418 2178 loco
447 2114 522 2178 inde
556 2115 678 2178 munito
708 2114 784 2178 deos
812 2113 1021 2201 hominesque
1049 2122 1081 2178 et
1107 2115 1288 2178 Romanum
1320 2135 1443 2178 nomen

280 2215 482 2297 defendere“,
504 2215 605 2280 Vict.:
629 2237 722 2298 „nam
745 2237 819 2279 cum
834 2216 962 2282 defendi
977 2218 1089 2282 urbem
1105 2238 1201 2303 posse
1216 2220 1295 2281 etc.“
1334 2215 1443 2296 Quae·

280 2317 415 2384 rendum
430 2325 487 2400 est,
505 2318 656 2404 quoniam
670 2327 805 2404 uterque
820 2318 990 2383 verborum
1008 2320 1086 2384 ordo
1102 2327 1134 2383 et
1147 2321 1287 2384 sermoni
1301 2319 1441 2383 Liviano

281 2423 341 2507 (cf.
365 2422 410 2485 ad
430 2422 461 2502 4,
477 2421 527 2504 21),
543 2421 562 2485 8
580 2442 663 2505 pop.
679 2420 737 2501 30)
760 2429 791 2484 et
813 2421 1040 2486 sententiarum
1062 2422 1161 2486 nexui
1181 2421 1441 2486 accommodatus

279 2531 336 2605 111,
358 2545 435 2586 num
459 2543 566 2606 causa,
590 2544 648 2585 cur
668 2544 688 2586 a
709 2522 817 2587 verbis
840 2520 965 2588 traditis
986 2523 1087 2588 altera
1103 2525 1246 2590 recensio
1261 2524 1441 2606 recesserit,

278 2626 413 2692 fortasse
435 2635 598 2712 appareat.
643 2624 748 2711 Atque
769 2647 889 2709 revera,
912 2648 987 2690 cum
1009 2627 1043 2690 in
1064 2626 1199 2712 apodosi
1220 2625 1260 2691 de
1274 2625 1442 2690 retinenda

279 2749 354 2793 arce
387 2738 482 2815 atque
511 2729 550 2794 de
579 2726 779 2792 defendendo
812 2728 948 2793 nomiue'
971 2729 1116 2794 Romano
1149 2729 1268 2793 mentio
1298 2728 1356 2793 fiat
1385 2731 1441 2811 (io
1538 2740 1539 2751 ¹

283 2855 388 2896 urcem
406 2829 667 2916 Capitoliumque
683 2831 853 2895 concedere
860 2855 873 2913 ,·
897 2831 972 2896 cleos
988 2833 1195 2917 hominesque
1210 2841 1240 2895 et
1253 2831 1443 2896 Romanum

196 2957 200 2964 ’
283 2956 399 2999 reomau
421 2931 612 3016 defendere)
634 2929 805 2994 verisimile
828 2943 885 3014 111,
909 2933 1132 2998 Victorianum
1154 2932 1206 2997 vel
1228 2931 1442 2997 Nicomachos

283 3035 325 3101 ad
352 3032 533 3119 aagendam
554 3034 642 3098 vocis
672 3030 822 3117 „urbem“
847 3035 913 3098 vim
933 3057 993 3120 pro
1018 3034 1166 3120 „defendi
1188 3057 1285 3121 posse
1307 3031 1439 3098 urbem“

284 3139 448 3223 scripsisse
476 3135 623 3220 „defendi
651 3135 765 3200 urbem
798 3141 943 3220 posse“.·
969 3137 1033 3202 Sed
1061 3139 1132 3225 jam
1164 3136 1302 3223 simplici
1330 3136 1438 3200 ordine

282 3245 410 3307 inverso
438 3238 521 3324 (def.
538 3261 636 3322 posse
663 3239 752 3318 urb.)
780 3238 948 3319 vocabulo,
979 3239 1066 3325 quod
1094 3250 1143 3304 est
1172 3239 1335 3324 „urbem“,
1366 3238 1441 3302 satis

283 3343 435 3430 ponderis
464 3341 609 3424 additur,
645 3363 743 3427 quare
770 3343 904 3406 mutatio
930 3339 1057 3405 illorum
1085 3343 1266 3408 necessaria
1294 3362 1360 3405 non
1386 3347 1442 3412 est,

284 3447 382 3509 immo
409 3453 542 3530 propter
570 3442 707 3508 eundem
736 3442 909 3509 verborum
936 3466 1106 3509 numerum
1132 3446 1165 3508 in
1191 3445 1255 3510 fine
1277 3443 1442 3524 enuntiati,

284 3569 358 3634 spes
386 3544 491 3610 nialla
521 3549 623 3610 11111α
653 3553 685 3609 11
705 3545 740 3607 in
765 3546 866 3627 initio,
896 3544 1026 3612 defendi
1055 3545 1195 3612 urbem
1224 3553 1339 3634 possc“
1369 3567 1442 3609 meo

286 3649 416 3736 quidem
433 3647 557 3735 judicio
579 3647 636 3712 vix
657 3645 773 3732 placet.

370 3752 476 3815 Locus
498 3751 528 3830 3,
550 3749 600 3831 62,
623 3750 653 3831 3,
680 3750 745 3836 qui,
772 3772 847 3815 cum
870 3749 909 3814 de
931 3751 1072 3816 vocativi
1101 3752 1261 3836 positione
1283 3749 1445 3836 agendum

285 3857 335 3937 sit,
359 3855 478 3940 optime
493 3851 649 3937 exemplis
665 3853 705 3917 de
720 3853 908 3918 nominativi
923 3851 1132 3918 collocatione
1147 3852 1341 3940 adjungitur,
1365 3850 1447 3917 diffi-
1544 3867 1546 3924 ᾖ

286 3956 423 4021 cillimus
451 3964 499 4019 est
526 3977 564 4019 ea
591 3956 630 4019 de
653 3977 760 4038 causa,
789 3955 875 4042 quod
896 3963 969 4020 ante
993 3957 1101 4020 omnia
1121 3956 1317 4022 recensionis
1339 3955 1448 4021 Victo·
1544 3959 1545 3969 ’

284 4061 394 4124 rianae
416 4057 586 4144 lectionem
609 4081 651 4122 ex
674 4080 797 4122 summa
817 4056 973 4122 librorum
993 4059 1211 4152 discrepantia
1225 4081 1336 4124 eruere
1351 4057 1447 4122 debe·
1544 4079 1545 4086 ¹

286 4185 367 4226 mus.
410 4159 594 4247 Madvigius
615 4161 712 4246 igitur
732 4162 764 4224 in
786 4161 1063 4226 emendationibus
1086 4161 1228 4226 Liuianis
1251 4168 1346 4247 (pap.
1369 4159 1446 4241 102)

286 4264 425 4329 Medicei
448 4274 479 4329 et
500 4262 751 4330 Wormaciensis
773 4264 950 4350 scripturae
977 4285 1077 4350 „quos
1098 4286 1155 4329 vos
1177 4263 1293 4329 milites
1315 4262 1445 4349 geritis“
