3200 5030
733 345 772 408 41

677 434 828 443 ...ο-*-

172 546 305 612 bomius
329 547 396 629 (ed.
414 546 564 629 Weidra.)
588 546 690 612 secuti
705 554 791 626 sunt,
812 544 956 610 ordinem
973 543 1175 628 „faliscorum
1190 543 1331 628 ausilio“

174 650 322 714 restituit.
367 647 582 714 Confirmatur
611 657 718 714 autem
740 647 935 712 Veronensis
964 648 1123 732 scriptura
1152 646 1334 733 corrigendi

174 752 225 819 vel
251 754 360 839 potius
389 749 605 836 interpolandi
632 751 755 816 ratione
780 750 968 816 Victoriana
994 758 1027 815 et
1052 749 1333 832 Nicomachorum,

174 856 214 920 de
236 876 301 942 qua
321 854 363 919 ad
385 855 416 938 5,
431 855 519 935 33,5
540 853 610 918 dixi
633 860 729 940 (pap.
744 853 870 935 26s27).

259 957 382 1024 Verum
409 979 450 1021 ne
476 957 577 1019 nimia
603 955 814 1020 admiratione
845 954 964 1020 codicis
994 955 1188 1019 Veronensis
1221 963 1336 1040 captus

175 1082 313 1146 eumque
336 1080 431 1124 caece
454 1068 582 1123 secutus
605 1080 674 1124 esse
696 1057 816 1140 videar,
837 1077 923 1121 nunc
943 1057 977 1119 in
997 1057 1221 1122 enumerandis
1240 1078 1334 1142 gene·

175 1164 235 1228 tivi
265 1160 481 1227 collocationis
510 1159 735 1245 discrepantiis
763 1161 859 1223 etiam
885 1159 949 1224 duo
977 1159 1041 1224 loci
1063 1159 1336 1224 commemorandi

176 1273 266 1346 sunt,
295 1261 353 1328 ubi
380 1285 400 1326 a
423 1265 511 1348 juste
535 1261 757 1350 judicantibus
783 1262 989 1327 Victorianae
1017 1263 1210 1327 recensionis
1239 1259 1335 1326 lectio

175 1365 313 1432 tenenda
334 1366 403 1430 erit.
441 1365 587 1445 Quorum
608 1365 696 1451 prior
718 1373 766 1430 est
787 1367 818 1446 4,
833 1365 884 1446 36,
899 1367 929 1448 5,
952 1363 1010 1428 ubi
1030 1363 1148 1448 legitur
1168 1363 1202 1427 in
1216 1364 1334 1430 Veron.
1383 1379 1386 1386 ’

177 1467 341 1554 ,Appium
364 1465 535 1532 Claudium
557 1466 732 1533 decemviri
753 1465 873 1530 filium“
898 1466 985 1551 apud
1004 1466 1226 1530 Victorianum
1251 1465 1335 1552 ,Ap-

176 1570 268 1655 pium
292 1567 463 1634 Claudium
484 1568 586 1632 filium
609 1568 814 1634 decemviri“.
850 1569 933 1633 Miro
951 1569 1049 1653 igitur
1063 1567 1157 1632 modo
1173 1567 1337 1633 Weissen-

176 1671 309 1736 bomius
329 1669 390 1734 hoc
410 1670 482 1736 loco
505 1670 660 1736 adversus
675 1692 785 1735 omnes
800 1671 939 1736 editores
953 1670 1148 1735 Veronensis
1163 1669 1337 1736 verborum

177 1774 331 1856 ordinem,
354 1795 429 1838 cum
450 1774 538 1859 apud
552 1773 682 1840 Livium
703 1773 839 1838 usitatus
862 1774 912 1856 sit,
934 1795 1048 1859 parum
1069 1794 1193 1838 memor
1214 1793 1336 1857 eorum,

178 1897 261 1964 quae
290 1875 399 1962 paullo
429 1886 502 1942 ante
529 1877 572 1942 ad
597 1880 630 1960 4,
650 1878 701 1959 25,
726 1878 766 1941 13
795 1877 975 1957 annotavit,
1004 1877 1039 1939 in
1066 1875 1205 1940 editione
1226 1875 1337 1940 Weid-

177 1980 352 2043 manniana
380 1979 512 2065 recepit.
557 1978 621 2044 Sed
648 1978 801 2065 quoniam
822 1977 995 2043 verborum
1017 1977 1095 2042 ordo
1117 1997 1137 2038 a
1158 1976 1337 2041 Veronensi

176 2078 314 2144 traditus
343 2081 529 2166 saepissime
558 2080 625 2144 fere
651 2081 684 2144 in
705 2101 898 2167 unaquaque
919 2081 1040 2165 pagina
1060 2079 1222 2144 invenitur
1243 2087 1275 2143 et
1296 2077 1337 2143 ab

178 2203 216 2246 eo
239 2183 375 2267 scriptor
396 2191 533 2267 excepto
548 2181 695 2248 hocloco
710 2181 873 2265 astoer,
891 2182 930 2246 13
947 2182 1001 2266 „R
1018 2181 1214 2267 Scipionem,
1235 2178 1338 2245 filium

177 2283 343 2349 Africani“
367 2305 432 2347 non
453 2283 582 2367 recedit,
605 2286 700 2349 etiam
722 2283 922 2350 inconsultus
944 2283 1021 2348 alibi
1041 2282 1191 2348 librarius
1206 2292 1339 2370 propter

178 2385 310 2452 alteram
333 2385 617 2452 conformationem
639 2389 825 2474 saepissime
847 2396 1036 2472 usurpatam
1058 2386 1100 2450 ad
1122 2385 1338 2471 interpolatio-

177 2511 252 2554 nem
287 2489 354 2554 fere
388 2489 524 2555 mendae
560 2511 673 2575 parem
707 2488 774 2554 labi
809 2491 922 2576 potuit.
985 2489 1100 2575 ltaque
1132 2488 1338 2553 Victorianae

179 2592 386 2677 scripturam,
409 2614 490 2678 quae
516 2593 695 2675 rarissima,
721 2600 829 2656 tamen
851 2591 936 2655 haud
958 2591 1028 2655 sine
1049 2591 1186 2656 testibus
1208 2602 1255 2655 est
1278 2589 1338 2675 (cf.

183 2693 215 2760 O.
238 2695 272 2762 J.
294 2695 331 2758 L.
354 2694 413 2758 29.-
450 2694 655 2778 „Coroelc'am
679 2694 879 2782 Scipionem,
893 2693 1004 2776 fllium
1024 2693 1207 2774 Barbati“)
1230 2714 1337 2758 veram

175 2794 399 2883 judicaverim.
423 2835 459 2844 -
485 2796 594 2861 Etiam
617 2794 783 2860 collocatio
805 2816 923 2860 vocum
948 2795 1043 2880 „anni
1064 2795 1173 2860 exitu“
1198 2796 1242 2880 (6,
1257 2797 1287 2876 4,
1304 2796 1337 2880 7)

98 2961 102 2970 ,
178 2919 238 2984 pro
260 2887 379 2963 usitata
393 2897 524 2962 dicendi
537 2896 675 2962 formula
692 2899 801 2981 ,exitu
815 2898 921 2979 anni“,
944 2896 1032 2982 quod
1047 2898 1227 2961 communis
1241 2897 1339 2962 fontis

178 3001 312 3065 fortasse
344 3000 457 3064 vitium
489 3022 509 3064 a
535 2999 722 3065 Victoriano
754 2999 808 3065 vel
832 2997 1038 3064 Nicomachis
1072 3009 1249 3065 correctum
1281 3008 1339 3083 est,

179 3125 252 3168 mea
274 3102 403 3188 quidem
427 3103 583 3167 sententia
603 3103 660 3166 vix
680 3102 849 3188 probanda
870 3111 928 3166 est.

265 3204 362 3285 Quod
384 3204 489 3268 adhuc
512 3203 551 3269 de
573 3202 707 3288 singulis
734 3203 813 3269 locis
839 3205 1020 3269 accuratius
1049 3204 1202 3288 exposui,
1230 3226 1338 3268 neces·
1379 3211 1384 3226 ·’

181 3309 301 3372 sarium
317 3306 496 3388 videbatur,
512 3328 585 3370 cum
600 3315 664 3370 tres
679 3315 803 3372 tantum
820 3306 864 3391 (3,
881 3307 929 3388 13,
945 3307 979 3389 33
1001 3308 1031 3388 4,
1050 3307 1098 3388 17,
1117 3307 1170 3388 113
1193 3305 1222 3387 6,
1239 3307 1269 3387 6,
1288 3308 1338 3388 14)

180 3411 221 3475 ab
244 3407 427 3473 hominibus
453 3407 554 3473 doctis
580 3409 766 3494 pertractati
792 3417 912 3491 essent3
940 3428 1022 3495 quae
1048 3429 1135 3472 nunc
1161 3417 1340 3493 sequuntur

181 3511 346 3598 exempla,
376 3511 410 3575 in
437 3511 554 3597 quibus
582 3510 621 3576 de
650 3510 801 3596 adjectivi
823 3518 855 3574 et
875 3509 1021 3575 adverbii
1042 3511 1201 3596 positione
1223 3512 1338 3596 agitur,

180 3616 355 3680 maximam
391 3623 516 3700 partem
552 3613 606 3677 vel
638 3612 821 3698 Madvigius
857 3612 910 3678 vel
942 3610 1130 3697 Wodrigius
1166 3614 1340 3700 tetigerunt

181 3718 465 3804 quaestionemque
487 3714 648 3780 adfinem
676 3715 912 3800 perduxerrmt,
941 3723 977 3780 ut
1005 3715 1046 3780 de
1073 3717 1185 3802 paucis
1214 3713 1340 3800 longior

180 3820 287 3884 futura
307 3821 349 3883 sit
370 3818 556 3904 disputatis.

264 3921 352 3985 Loco
381 3923 411 4002 3,
437 3919 527 4003 19,1
556 3942 632 3985 oum
654 3920 832 3986 Veronensi
858 3920 944 3984 haud
972 3919 1070 3984 dubie
1096 3918 1268 4004 legendum
1291 3928 1339 3984 est

184 4043 281 4107 ,paee
303 4026 426 4108 parta“,
449 4043 522 4086 cum
544 4023 706 4089 inversum
730 4023 885 4103 ordinem,
906 4044 1002 4109 quem
1020 4021 1185 4087 Mediceus
1207 4029 1239 4086 et
1253 4022 1339 4085 Pari-

181 4126 270 4189 sinus
290 4123 454 4206 exhibent,
476 4146 516 4188 ne
539 4126 573 4189 in
588 4126 776 4190 Victoriana
799 4124 928 4212 quidem
942 4123 1043 4189 fuisse
1058 4133 1182 4189 constet
1196 4133 1228 4188 et
1242 4146 1337 4188 verus

176 4230 245 4314 jam
278 4250 298 4292 a
329 4225 600 4292 Drakenborchio
632 4235 801 4292 revocatus
834 4228 874 4292 sit
905 4226 960 4310 (cf.
987 4226 1132 4312 Wodriy.
1156 4227 1210 4296 od.
1233 4227 1263 4288 11.
1286 4227 1336 4308 1.).

180 4319 370 4394 Deinde'in
397 4327 510 4393 eodem
533 4330 638 4415 capite
667 4332 710 4416 (ξ.
736 4330 789 4416 10)
811 4329 1000 4416 Wodrigius
1028 4337 1114 4394 reete
1143 4327 1338 4393 Veronensis
