3200 5030
735 375 777 440 35

678 468 827 476 ι--ι-..ῌ-

172 589 299 664 tempus
314 578 674 664 plusquamperfectum,
689 599 752 664 quo
767 579 852 643 facto
866 601 1038 644 numerosa
1048 579 1152 643 forma
1162 601 1182 644 a
1193 578 1336 664 pedestri

173 682 316 745 oratione
330 679 436 746 aliena
451 678 588 766 expulsa
602 690 659 745 est.
692 680 788 761 Quod
803 691 910 745 autem
925 683 966 746 ad
980 682 1012 763 3,
1023 682 1074 764 61,
1087 684 1105 747 7
1122 691 1154 746 et
1164 681 1216 763 22,
1227 682 1279 760 50,
1294 683 1336 746 10

172 785 296 865 attinet,
323 783 404 848 haec
426 782 494 846 sola
517 791 591 846 eunt
612 782 761 868 exempla
770 783 807 870 ¹),
834 786 868 846 in
891 783 1008 869 quibus
1030 785 1168 871 scriptor
1184 784 1223 847 in
1244 804 1335 847 usur·

170 885 280 970 panda
308 885 436 970 poetice
462 883 599 949 formula
628 886 725 950 etiam
747 906 915 950 numerum
938 888 1087 970 servavit,
1109 908 1183 950 cum
1204 885 1334 972 saepius

170 986 213 1053 ad
247 988 434 1054 evitandum
469 1009 638 1051 numerum
672 989 799 1074 poetico
835 987 973 1054 similem
1004 987 1130 1054 solitam
1161 986 1334 1053 verborum

172 1087 415 1154 collocationem
444 1089 588 1154 omiserit
614 1089 676 1175 (cf
697 1091 852 1155 Kttlmaet
878 1091 899 1154 l.
922 1094 953 1157 d.
977 1115 1063 1179 pap.
1086 1093 1149 1156 314
1177 1095 1333 1172 summo).

172 1191 209 1256 Si
230 1193 328 1278 igitur
347 1193 456 1277 priore
477 1190 549 1257 loco
571 1192 726 1256 sermonis
748 1194 863 1258 vitium
878 1216 898 1258 a
912 1195 1086 1259 vetustiore
1101 1202 1182 1258 teste
1195 1193 1334 1257 vitatum

171 1295 304 1380 eiusque
326 1295 500 1384 verborum
524 1295 668 1359 ordinem
690 1293 760 1359 loco
783 1296 945 1361 Ouidiano
968 1297 1079 1380 (Fasti
1092 1296 1116 1359 Ι
1120 1295 1152 1376 V,
1165 1295 1230 1360 664
1247 1293 1333 1378 „cdi-

173 1396 222 1460 dit
243 1445 251 1460 .
275 1443 283 1461 .
307 1446 314 1461 .
338 1397 466 1477 dicta“)
488 1396 619 1470 defendi
640 1395 865 1482 intellegimus,
883 1399 954 1485 jam
975 1398 1055 1463 haec
1076 1399 1159 1462 ratio
1179 1396 1223 1460 ad
1244 1404 1334 1460 tuen-

170 1497 246 1562 dam
261 1499 457 1564 Veronensis
472 1501 662 1586 scripturam
678 1499 827 1564 sufficiat.
864 1499 1011 1581 Accedit,
1027 1498 1113 1585 quod
1127 1499 1334 1565 Victorianus

169 1597 221 1664 vel
241 1599 441 1683 Nicomachi,
464 1621 538 1665 cum
560 1602 594 1666 in
615 1602 789 1687 archetypo
812 1624 870 1666 suo
893 1601 1003 1677 „dedit
1024 1601 1130 1666 dicta“
1153 1601 1335 1666 invenirent

169 1709 267 1788 atque
288 1701 390 1766 verba
411 1703 546 1789 Vergilii
575 1706 717 1768 omnium
745 1712 914 1790 poetarum
936 1713 1041 1770 aetate
1062 1703 1170 1768 media
1191 1704 1333 1768 maxime

168 1803 292 1890 vulgati
315 1807 376 1890 (cf.
398 1807 549 1888 Ribbeck,
578 1807 706 1893 Ptoleq.
736 1809 790 1872 ad.
820 1807 930 1894 Verp.)
959 1807 1204 1873 recordarentur
1233 1804 1333 1889 „haec

167 1907 225 1971 ubi
247 1907 334 1972 dicta
356 1907 475 1992 dedit“,
497 1908 649 1974 facillime
671 1930 691 1973 a
712 1930 788 1974 vero
804 1907 954 1974 aberrare
968 1915 1151 1994 potuerunt.
1167 1947 1207 1958 —-
1222 1907 1333 1973 Rebus

169 2010 216 2073 ita
242 2012 437 2094 comparatis
465 2009 553 2075 haud
583 2014 650 2076 scio
680 2033 721 2074 an
749 2012 940 2076 auctoritate
968 2011 1178 2076 vetustissimi
1210 2009 1332 2074 codicis

170 2110 298 2176 Liviani
326 2111 396 2175 nixi
424 2113 495 2177 loco
518 2114 568 2194 22,
590 2114 642 2195 50,
668 2113 707 2176 10
727 2136 786 2200 pro
814 2113 913 2197 „haec
934 2113 991 2178 ubi
1013 2112 1098 2178 dicta
1121 2111 1227 2177 dedier
1252 2112 1328 2175 scri·

170 2211 285 2278 bamus
309 2212 408 2298 ,haec
429 2215 486 2280 ubi
507 2214 597 2280 dedit
619 2213 736 2285 dicta“.
772 2213 855 2279 Nam
878 2224 912 2279 et
931 2214 1025 2280 facile
1041 2215 1154 2280 eadem
1168 2215 1209 2280 de
1224 2235 1331 2299 causa,

170 2337 235 2402 qua
256 2317 289 2380 in
310 2318 529 2383 recensionem
545 2317 773 2401 Victoriarum,
795 2318 830 2382 in
843 2318 1057 2403 Puteanum2)
1081 2319 1149 2383 sive
1170 2319 1204 2381 in
1221 2318 1330 2383 arche·

169 2428 270 2503 typon
303 2418 371 2482 eius
402 2419 538 2485 vitiosus
571 2417 624 2483 ille
655 2420 827 2486 uerborum
861 2420 939 2483 ordo
970 2419 1080 2483 inferri
1111 2420 1232 2506 potuit,
1266 2441 1330 2506 quo

168 2531 289 2586 mutato
316 2542 411 2586 nemo
443 2542 647 2586 numerosam
679 2523 918 2608 insequentium
950 2521 1125 2586 verborum
1155 2523 1331 2608 („striu9it

169 2623 319 2709 plodium
349 2647 511 2709 cuneoque
525 2622 624 2707 facto
642 2646 706 2708 per
726 2625 849 2690 medios
870 2625 964 2689 vadit
986 2625 1128 2706 loeted‘)
1151 2623 1331 2688 conforma·

167 2727 286 2791 tionem
309 2728 433 2794 sentiet.

250 2828 360 2894 Tertio
381 2827 452 2891 loco
474 2828 504 2909 3,
519 2826 606 2909 42,6
627 2836 784 2912 [„⁰mnee,
807 2832 866 2915 qui
881 2853 945 2914 per
966 2839 1103 2895 aetutem
1114 2823 1211 2913 ferre
1233 2851 1329 2892 arma

163 2935 317 3013 possead
347 2931 434 3011 Vim
465 2951 603 3014 ,omncs
632 2933 690 3016 qui
715 2953 779 3014 per
809 2942 944 2997 cautem
973 2954 1070 2996 arma
1081 2933 1179 3017 ferre
1196 2939 1330 3016 possent

173 3033 250 3098 Vict.
258 3041 290 3114 ,·]
312 3031 556 3097 commendatur
569 3033 768 3097 Veronensis
783 3030 877 3098 lectio
893 3055 932 3098 ea
945 3056 990 3115 rc,
1013 3032 1100 3119 quod
1115 3055 1157 3100 ex
1171 3030 1329 3119 exemplis

164 3133 206 3198 ad
227 3135 257 3217 4,
284 3134 331 3216 17,
354 3136 375 3199 9
397 3144 494 3222 (paq.
516 3137 536 3200 8
559 3139 641 3221 seq.)
670 3133 793 3199 collatis
822 3137 996 3202 verisimile
1026 3145 1083 3219 est,
1106 3134 1329 3200 Victorianum

164 3234 216 3302 vel
238 3236 452 3302 Nicomachos
474 3235 677 3302 collocationi
705 3237 805 3318 ,ferre
832 3245 941 3303 arma“
964 3239 1078 3302 rariori
1100 3246 1141 3320 et,
1171 3239 1204 3300 ni
1225 3234 1328 3318 fallor,

165 3337 265 3402 semel
286 3348 409 3404 tantum
433 3341 499 3425 (25,
521 3341 551 3421 5,
576 3340 609 3426 7)
631 3348 759 3424 praeter
780 3341 866 3404 hunc
887 3340 993 3404 locum
1023 3348 1196 3424 usurpatae
1216 3337 1327 3424 vulga-

165 3449 232 3505 tam
255 3442 316 3526 (cf.
340 3442 369 3524 1,
390 3442 443 3523 44,
465 3443 504 3524 2,·
527 3443 557 3522 3,
571 3443 602 3522 4,
621 3442 677 3524 10,·
698 3442 729 3522 4,
745 3442 796 3522 22,
816 3446 855 3526 1,·
877 3444 908 3524 5,
924 3444 975 3524 39,
994 3441 1050 3526 13,
1073 3443 1225 3506 Eiohcrt:
1246 3441 1327 3506 Lero.

168 3543 259 3610 Coos.
281 3543 340 3608 aab
362 3567 436 3609 voce
461 3546 615 3628 „aarua“)
638 3542 840 3630 praetulisse.
881 3545 1030 3631 Utroque
1051 3564 1128 3607 vero
1158 3540 1240 3626 loco,
1270 3543 1327 3609 ubi

165 3647 300 3712 verbum
331 3647 451 3730 „ferre“
481 3646 695 3732 anteponitur,
725 3648 923 3713 enuntiatum
954 3644 1119 3733 praecedit
1142 3645 1210 3728 (25,
1232 3645 1262 3727 5,
1286 3645 1326 3708 7.-

167 3750 312 3833 ,roboris
340 3752 462 3832 satic“;
493 3751 522 3832 3,
544 3749 596 3831 42,
619 3748 658 3813 6.·
690 3759 842 3835 ,propter
871 3753 1056 3831 aetam),
1086 3746 1173 3833 quod
1194 3747 1327 3810 inusita-

241 3920 264 3984 ¹)
285 3921 408 3986 dactylici
426 3938 517 3972 versus
536 3921 580 3972 vel
597 3921 743 3987 particulae
763 3937 862 3986 eorum,
883 3922 972 3988 qualia
991 3921 1042 3971 huc
1056 3926 1134 3986 atque
1147 3919 1209 3970 illuc
1223 3918 1330 3968 detecta

166 4017 228 4062 eunt
248 4011 299 4078 (cf.
323 4011 523 4063 Drakenborch.
551 4013 588 4062 od
607 4013 698 4077 praef.
722 4015 752 4072 1,·
777 4012 896 4063 Patrius
917 4013 953 4062 ad
972 4012 1016 4074 22,
1036 4011 1080 4073 50,
1103 4010 1153 4073 10)
1172 4008 1280 4058 minime
1297 4009 1326 4057 in

164 4103 247 4168 locos,
274 4104 307 4154 de
333 4120 384 4170 quo
405 4105 516 4169 agimus,
542 4104 682 4170 quadrant,
703 4105 764 4171 quia
782 4105 844 4154 illae
864 4104 1089 4155 conformationes
1110 4115 1201 4152 omnes
1220 4099 1326 4164 poetico

165 4196 286 4261 exemplo
305 4201 406 4248 carent.

238 4287 262 4351 ²)
282 4287 315 4337 cf.
336 4287 370 4338 de
388 4287 497 4338 vocibus
511 4286 616 4352 saepius
629 4302 710 4352 prave
723 4287 751 4336 in
764 4287 884 4337 Puteano
897 4285 1065 4350 transpositis
1078 4282 1210 4334 Luchsius
1222 4281 1327 4346 Proleg.

164 4393 225 4443 pag.
245 4377 292 4429 CX
311 4395 383 4445 seqq.

1091 4460 1110 4524 3
1120 4463 1134 4492 ι
