3200 5030
691 355 842 454 *a*

189 564 250 638 tur,
279 577 342 641 quo
366 564 560 620 correctores
586 556 878 643 frequentissimam
905 557 1190 622 conformationem
1217 559 1350 624 inusita-

189 659 262 722 tiori
289 656 481 722 substituere
511 657 621 724 solent.
672 661 786 745 Itaque
816 658 984 723 addendus
1014 671 1062 725 cst
1089 659 1142 723 hic
1170 658 1261 724 locus
1291 662 1350 745 eis,

189 758 306 845 quibus
335 760 507 824 Fischerus
537 761 690 844 (Hermes
717 762 787 843 III,
817 761 898 843 483)
921 761 1056 847 judicat,
1090 784 1127 826 co
1153 760 1350 828 fallaciorem

187 871 283 948 atque
299 861 536 926 damnosiorem
548 862 753 928 Victorianae
767 863 962 927 recensionis
978 885 1047 927 esse
1062 863 1350 950 interpolationem,

188 986 251 1050 quo
278 965 381 1048 magis
410 963 570 1050 elegantia
597 966 736 1051 quadam
758 989 777 1030 a
798 966 905 1031 verbis
933 967 1041 1050 inepte
1063 973 1095 1030 et
1116 967 1294 1034 inconsulte
1316 969 1349 1032 in

187 1068 262 1132 Ver.
284 1067 403 1132 additis
425 1066 559 1132 differat.

273 1169 450 1234 Veniamus
472 1171 513 1234 ad
535 1169 622 1234 aliud
645 1170 933 1258 discrepantiarum
954 1191 1066 1254 genus,
1091 1171 1178 1256 quod
1198 1171 1240 1235 ad
1255 1193 1351 1256 gene·

185 1273 245 1337 tivi
275 1271 516 1337 collocationem
545 1282 687 1359 spectat,
714 1283 810 1359 atque
836 1281 1068 1358 anteponamus
1090 1271 1195 1337 locum
1218 1275 1248 1356 6,
1264 1275 1293 1358 6,
1311 1274 1351 1339 14

186 1383 371 1461 [„quueqae
400 1369 470 1439 ulio
501 1374 575 1439 belli
602 1385 748 1460 temporo
777 1378 933 1459 poscend‘
962 1375 1050 1458 Vcr.,·
1083 1399 1247 1461 ,quaeque
1275 1376 1352 1441 betti

188 1477 261 1542 ulia
282 1488 428 1563 temporo
451 1481 606 1561 poscent“
631 1479 736 1559 VictJ,
759 1499 855 1563 quem
871 1479 940 1563 jam
964 1486 1038 1541 ante
1060 1477 1180 1542 editum
1204 1478 1361 1559 codicem¹

188 1578 407 1644 Veronensem
422 1578 551 1643 Reizius
568 1580 785 1662 (Moautaber.
798 1580 856 1645 der
870 1581 977 1644 sucta
993 1579 1065 1643 Ges.
1077 1581 1235 1645 derWiaa.
1250 1581 1349 1663 1850)

188 1681 423 1746 emendandum
446 1682 579 1746 censuit.
622 1681 806 1766 Madvigius
834 1682 934 1767 igitur
962 1681 995 1743 in
1016 1680 1258 1768 Prolegomenis
1285 1682 1352 1748 edi-

187 1784 283 1848 tionis
305 1783 435 1849 alterius
459 1791 555 1870 (pap.
579 1785 636 1866 V),
665 1806 739 1848 cum
765 1784 805 1847 de
827 1784 1007 1850 Veronensi
1028 1792 1148 1865 taceat,
1176 1783 1222 1848 illi
1244 1807 1351 1850 assen-

187 1886 274 1966 titur,
297 1895 406 1949 tamen
428 1887 645 1972 conjecturam
668 1907 734 1949 non
755 1887 894 1971 recepit,
918 1907 1000 1971 quae
1019 1907 1106 1949 nunc
1126 1886 1236 1952 codice
1251 1888 1352 1952 Vero-

187 1989 279 2052 nensi
299 1986 462 2071 praeclare
485 1987 675 2053 confirmata
696 1994 752 2057 est,

274 2089 413 2171 Summi,
436 2098 470 2153 ut
492 2089 571 2153 mihi
592 2090 736 2170 videtur,
762 2089 915 2152 momenti
937 2089 979 2152 ad
995 2089 1157 2174 judicium
1179 2089 1219 2154 dc
1243 2112 1351 2156 recen-

188 2190 277 2254 sione
299 2190 487 2256 Victoriana
515 2191 682 2257 ferendum
711 2201 759 2256 est
784 2193 815 2272 4,
837 2192 887 2272 24,
910 2193 940 2273 6,
969 2212 1033 2276 quo
1060 2190 1131 2256 loco
1154 2192 1349 2258 Veronensis

190 2313 368 2375 „consensu
396 2293 509 2379 populi
535 2295 688 2379 ingenti“,
718 2294 895 2358 Victoriani
925 2291 997 2358 libri
1028 2315 1205 2378 „consensu
1226 2296 1350 2380 ingenti

187 2393 319 2480 populi“
342 2396 508 2480 praebent.
551 2397 659 2460 Minus
686 2397 866 2480 urgendum
896 2404 962 2477 est,
991 2396 1211 2461 Veronensem
1240 2398 1351 2483 paullo

186 2496 340 2561 rariorem
363 2497 536 2562 verborum
560 2499 716 2581 ordinem,
739 2521 802 2585 quo
821 2498 990 2584 genetivus
1005 2499 1089 2562 inter
1103 2521 1219 2564 nornen
1234 2522 1349 2586 regens

187 2609 219 2664 et
246 2601 436 2666 attributum
464 2602 531 2665 eius
561 2598 735 2664 collocetur
765 2596 825 2684 (cf.
846 2599 980 2664 Istcine:
1009 2601 1060 2664 De
1087 2603 1228 2686 genetivi
1255 2605 1351 2686 opud

186 2703 319 2767 Liuium
342 2725 404 2766 usu
421 2725 506 2788 pap.
522 2704 576 2784 9),
599 2702 732 2783 habere,
761 2722 802 2764 ne
825 2701 854 2765 ei
877 2700 1006 2786 quidem
1028 2704 1076 2765 rei
1098 2703 1175 2766 satis
1197 2724 1349 2788 magnam

187 2805 253 2869 vim
286 2803 408 2885 tribuo,
442 2805 528 2889 quod
560 2803 655 2870 lectio
691 2825 868 2888 „consensu
900 2801 1013 2889 populi
1044 2805 1186 2888 ingenti“
1216 2815 1351 2891 propter

188 2908 388 2971 enuntiatum
402 2905 593 2971 brevissimo
608 2905 773 2972 intervallo
789 2927 927 2992 sequens
945 2906 1071 2991 „favore
1083 2907 1205 2990 ingenti
1216 2906 1347 2994 populi“

186 3009 310 3074 variata
338 3009 505 3072 notionum
534 3010 691 3095 positione
720 3009 976 3073 commendatur:
1002 3007 1088 3074 aliud
1120 3008 1200 3073 mihi
1221 3020 1349 3095 praesto

187 3122 236 3176 est
261 3121 496 3196 argumentum.
550 3111 633 3176 Nam
663 3112 734 3197 pari
760 3110 1011 3175 conformatione
1039 3111 1074 3174 in
1103 3111 1228 3176 duabus
1257 3133 1349 3196 para-

186 3213 332 3299 graphis,
356 3235 439 3300 quae
461 3235 531 3279 sese
553 3214 738 3299 excipiunt,
764 3235 784 3276 a
804 3215 990 3277 recensione
1012 3213 1201 3278 Victoriana
1222 3213 1352 3297 tradita,

188 3336 261 3378 curn
282 3316 478 3381 Veronensis
499 3315 598 3380 altero
621 3314 692 3379 loco
713 3316 755 3379 ab
778 3337 816 3379 ea
837 3317 1012 3399 discrepet,
1038 3315 1189 3379 inductus
1212 3318 1350 3401 quaesti·

188 3439 281 3480 onem
303 3418 532 3482 instituendam
554 3418 683 3503 putavi,
714 3417 874 3504 quomodo
902 3418 936 3480 in
964 3417 1034 3481 aliis
1061 3416 1264 3501 differentiis,
1292 3420 1349 3485 ubi

187 3519 332 3584 similiter
354 3527 558 3604 comparatus
581 3519 671 3583 locus
692 3519 726 3582 in
747 3521 930 3605 propinquo
946 3531 1038 3601 esset,
1061 3518 1264 3585 recensiones
1279 3543 1350 3587 sese

186 3621 349 3688 haberent.
386 3621 494 3707 Atque
510 3643 585 3685 cum
601 3644 671 3686 eam
685 3644 753 3686 rem
768 3629 1006 3707 pertractarem,
1029 3620 1208 3704 observavi,
1230 3625 1348 3688 iterum

186 3733 282 3810 atque
304 3725 433 3809 saepius
455 3725 543 3788 etin
564 3723 781 3809 temporibus:

230 3827 259 3908 3,
275 3827 325 3909 68,
341 3829 377 3891 3:
407 3828 491 3912 „jam
512 3827 684 3912 unicuique
707 3847 749 3889 ex
770 3825 857 3910 agris
880 3847 938 3889 sua
961 3824 1077 3888 damna
1099 3825 1347 3890 nuntiabantur“

271 3928 362 4011 Ver.;
387 3928 655 4013 „nuntiabuntur“
672 3928 768 4010 Vict.,
791 3950 864 3991 cum
885 3949 963 3992 mox
984 3926 1110 4012 legatur
1130 3929 1350 4012 ,restituent“.

230 4028 260 4111 3,
277 4029 327 4111 66,
345 4031 379 4094 7:
404 4041 574 4118 ,sequetur
589 4053 646 4096 vos
663 4031 839 4096 necessitas
854 4028 1031 4094 militandi“
1048 4029 1139 4113 Ver.;
1165 4033 1346 4118 „sequitur“

273 4131 356 4196 Vict.
377 4143 510 4219 propter
532 4131 724 4199 antecedens
745 4131 881 4198 verbum
905 4132 1041 4215 „vivite“
1066 4140 1099 4196 et
1121 4153 1257 4218 sequens
1282 4133 1350 4217 „fu-
1396 4213 1403 4228 ι

272 4235 378 4318 gitis‘t

229 4335 261 4416 4,
277 4338 328 4427 23,
343 4339 379 4402 3:
404 4336 547 4422 „Licinio
576 4335 674 4400 libros
704 4335 790 4400 haud
819 4334 918 4399 dubie
947 4335 1040 4420 sequi
1068 4333 1181 4399 linteos
1207 4333 1349 4421 placuit“
