3200 5030
141 548 338 631 exposcere“
362 542 437 608 cu'm
457 542 700 631 insequentibus
722 543 829 608 verbis
858 544 892 607 in
914 543 1092 608 Veronensi
1114 552 1234 628 aperte-
1247 543 1299 610 de-

138 646 287 712 formatis
304 644 564 730 „publicevocat“
581 649 799 733 conjungeret,
820 647 999 710 rectissime
1014 646 1147 727 censuit,
1169 645 1300 710 Livium

139 759 208 816 tam
229 750 317 813 inani
338 749 526 833 repetitione
547 751 595 814 uti
616 771 681 814 non
703 750 854 835 potuisse,
877 757 913 813 ut
927 748 1013 814 cives
1028 757 1094 812 tam
1109 747 1301 833 juberentur

141 850 360 938 supplicatum
388 852 435 914 ire
463 873 559 937 quam
586 852 628 916 ad
657 852 690 916 id
717 849 845 937 publice
868 858 1087 916 evocarentur.
1132 851 1198 916 Sed
1219 850 1302 938 fugit

142 977 232 1038 eum,
262 954 397 1020 eandem
425 953 633 1039 tautologiam
664 953 724 1039 (cf,
747 955 875 1040 Zumpt.
897 954 918 1019 l.
941 954 972 1018 d.
996 975 1079 1038 pap.
1101 952 1142 1015 23
1158 958 1240 1039 seq.)
1266 954 1300 1016 in

141 1057 229 1121 Livii
256 1054 363 1122 verbis
390 1078 478 1140 esse,
506 1057 532 1120 si
559 1055 720 1142 legeretur
743 1057 918 1144 „inopsque
944 1064 1074 1122 senatus
1097 1054 1200 1119 -ad
1223 1055 1300 1122 deos

140 1160 269 1242 vertit“,
293 1157 410 1224 deinde
433 1160 529 1245 ,jussi
553 1198 592 1208 -
615 1163 821 1244 exposcerc“.
862 1159 953 1239 Quae
975 1157 1147 1222 difficultas
1169 1179 1301 1242 prorsus

143 1261 320 1342 evanescit,
350 1261 378 1326 si
399 1261 594 1327 Veronensis
621 1259 790 1327 lectionem
818 1261 992 1346 recipimus
1020 1268 1117 1346 atque
1144 1281 1163 1322 a
1190 1259 1302 1325 verbis

144 1385 228 1450 quae
252 1371 327 1428 sunt
350 1364 410 1447 „ad
424 1363 464 1428 'id
486 1368 567 1432 etei
588 1385 707 1429 novum
722 1364 923 1428 enuntiatum
938 1363 1081 1448 incipere
1097 1362 1300 1450 judicamus:

230 1465 407 1550 „inopsque
439 1474 568 1530 senatus
599 1465 712 1530 auxilii
740 1465 872 1530 humani
900 1465 942 1529 ad
971 1464 1049 1530 deos
1077 1464 1233 1551 populum
1262 1489 1303 1530 ac

142 1576 220 1632 vota
246 1567 340 1632 vertit
366 1568 473 1631 iussos
500 1589 574 1632 cum
604 1569 794 1654 conjugibus
819 1587 859 1631 ac
884 1565 994 1632 liberis
1016 1565 1234 1654 supplicatum
1254 1569 1301 1632 ire

142 1689 322 1756 pacemque
351 1689 526 1754 exposcere
553 1669 659 1736 deum.
688 1669 797 1753 adid,
828 1670 914 1756 quod
944 1690 1002 1735 sua
1029 1690 1188 1756 quemque
1217 1667 1302 1734 mala

143 1773 303 1858 cogebant
324 1772 513 1838 auctoritate
533 1770 666 1857 publica
686 1774 812 1839 evocati
838 1773 946 1838 omnia
972 1770 1108 1838 delubra
1135 1771 1300 1858 implent“.

229 1871 444 1956 Contrarium,
467 1873 553 1960 quod
575 1874 617 1938 ad
633 1876 805 1941 verborum
827 1876 946 1939 formas
967 1877 1090 1958 attinet,
1113 1873 1300 1959 exemplum

143 1984 193 2042 est
212 1975 244 2059 4,
260 1974 289 2058 7,
304 1977 334 2058 2,
356 1975 413 2040 ubi
433 1976 467 2038 in
488 1978 675 2042 recensione
696 1977 885 2042 Victoriana
913 1975 1065 2041 scribitur
1094 1985 1144 2060 „et
1165 1976 1300 2061 imperio

144 2085 176 2142 et
188 2076 369 2162 insignibus
385 2077 604 2144 consularibus
626 2083 733 2156 usos“,
756 2100 820 2164 quo
842 2078 927 2144 facto
950 2101 988 2144 aa
1003 2078 1102 2145 verba
1123 2099 1195 2142 curn
1215 2086 1301 2142 ante-

144 2179 271 2244 cedenti
300 2181 517 2246 enuntiatione
545 2182 783 2267 conjunguntur
811 2189 842 2245 et
869 2180 1011 2265 pendent
1038 2203 1079 2246 ex
1106 2181 1207 2246 verbo
1236 2181 1301 2267 „di-

145 2286 249 2364 cant“,
277 2303 351 2346 cum
371 2283 568 2348 Veronensis
594 2281 747 2349 exhibeat
773 2284 843 2366 „usi
865 2279 970 2368 sunt“,
993 2292 1029 2348 ut
1050 2306 1088 2348 ea
1108 2283 1208 2350 verba
1228 2305 1301 2369 pro-

143 2386 251 2470 prium
286 2385 484 2449 enuntiatum
527 2385 675 2450 efficiant.
731 2386 926 2472 Quanquam
963 2386 1206 2452 concedendum
1242 2395 1300 2467 est,

144 2486 350 2552 Victorianae
371 2486 540 2552 lectionem
561 2489 769 2574 grammatice
791 2511 923 2574 prorsus
945 2496 1067 2552 rectam
1090 2509 1169 2571 esse,
1192 2496 1301 2551 tamen

144 2599 208 2654 tres
238 2589 379 2653 maxime
407 2589 545 2654 rationes
572 2613 624 2654 me
645 2591 813 2672 inducunt,
834 2601 870 2656 ut
891 2590 1088 2655 Veronensis
1111 2590 1301 2673 scripturam

144 2691 249 2776 magis
271 2692 443 2776 genuinam
465 2693 605 2778 speciem
627 2714 705 2777 prae
727 2715 761 2757 se
783 2691 865 2757 ferre
887 2689 1032 2757 arbitrer.
1065 2691 1210 2754 Primum
1234 2692 1302 2776 qui-

146 2791 232 2874 dem,
260 2794 288 2855 si
314 2795 411 2859 totius
438 2793 500 2859 loci
524 2794 807 2859 conformationem
829 2794 1029 2880 respicimus.
1050 2794 1085 2856 in
1107 2793 1301 2858 antecedens

147 2894 346 2959 enuntiatum
368 2894 554 2981 discrepans
569 2895 609 2961 de
625 2897 747 2983 origine
762 2898 838 2963 novi
853 2897 1058 2981 magistratus
1078 2901 1094 2980 (
1095 2897 1302 2961 tribunorum

145 2995 303 3090 militurn)
335 2999 475 3062 narratio
507 2999 706 3085 parenthesis
739 2998 835 3064 modo
864 2999 985 3064 inserta
1013 3007 1070 3080 est,
1099 2999 1133 3062 in
1161 3019 1225 3084 qua
1246 2996 1301 3083 jus

143 3097 229 3162 illius
251 3121 403 3184 expresse
425 3104 668 3168 commemorari
690 3101 775 3166 haud
795 3103 1011 3167 necessarium
1027 3109 1084 3182 est,
1106 3099 1222 3165 deinde
1243 3120 1303 3183 par

144 3223 215 3266 esse
238 3200 374 3285 videtur,
403 3201 532 3267 Livium
556 3205 610 3291 jus
636 3205 839 3270 tribunorum
867 3202 1003 3268 militurn
1033 3203 1141 3287 potius
1170 3203 1302 3288 proprio

144 3303 309 3368 enuntiato
332 3325 429 3390 quarn
448 3305 541 3393 quasi
561 3328 629 3370 rem
650 3307 742 3391 parvi
764 3306 917 3371 momenti
939 3306 1044 3369 obiter
1065 3302 1193 3384 referre,
1216 3302 1303 3366 deni-

145 3427 207 3491 que
236 3407 408 3492 insequens
437 3410 594 3475 sententia
625 3430 707 3492 „non
736 3418 843 3473 tamen
869 3428 928 3494 pro
950 3406 1075 3470 firmato
1098 3408 1177 3469 etc.“
1201 3402 1301 3470 multo

145 3507 259 3572 melius
287 3510 351 3594 ipsi
375 3512 560 3592 narrationi,
590 3510 631 3574 ad
661 3532 757 3597 quam
779 3509 863 3575 redit
884 3513 1020 3595 scriptor
1041 3507 1147 3573 verbis
1173 3515 1223 3592 „et
1244 3508 1301 3570 im·

144 3611 235 3696 perio
259 3619 291 3675 et
311 3612 492 3698 insignibus
515 3611 735 3678 consularibus
757 3614 808 3676 usi
822 3618 914 3678 sunt“
939 3634 1035 3699 quam
1057 3608 1240 3697 parenthesi
1257 3608 1303 3674 illi

144 3711 340 3797 adiungitur.
383 3715 422 3778 In
452 3717 638 3781 universum
666 3713 700 3778 id
729 3736 856 3801 quoque
878 3714 964 3778 haud
985 3711 1222 3799 neglegendum
1244 3720 1302 3794 est,

145 3814 406 3899 interpolatorem
444 3816 594 3883 facillime
633 3816 675 3882 ad
711 3816 888 3881 Victoriani
927 3816 1117 3902 scripturam
1153 3814 1303 3879 aberrare

146 3917 299 4002 potuisse,
330 3918 492 3984 difficilius
520 3919 717 3986 incuriosum
746 3918 913 3985 librarium
945 3919 986 3982 ad
1019 3915 1154 3982 alteram
1180 3917 1303 3980 confor-

144 4019 330 4084 mationem.
526 4063 527 4068 κ

229 4121 330 4206 Loco,
360 4124 415 4208 qui
443 4132 491 4189 est
517 4125 547 4206 4,
563 4125 614 4207 26,
633 4125 672 4190 12
700 4123 776 4188 libri
797 4122 974 4188 Victoriani
997 4121 1127 4186 tradunt
1150 4117 1304 4202 „dilectus

146 4223 243 4289 simul
274 4224 412 4290 edicitur
440 4235 471 4290 et
492 4227 660 4307 iustitium,
685 4247 791 4311 neque
821 4222 908 4288 aliud
934 4233 1001 4288 tota
1029 4221 1109 4286 urbe
1130 4221 1184 4305 agi
1205 4239 1303 4305 quam

144 4324 265 4393 bellum
281 4329 443 4414 apparari.
459 4329 599 4414 cognitio
614 4328 798 4393 vacantium
814 4325 945 4392 militiae
956 4345 1088 4388 munere
1098 4330 1174 4407 post
1183 4319 1304 4387 bellum
