3200 5030
279 501 405 587 positae
436 503 505 586 („is
527 502 667 582 houoa“)
701 509 732 565 et
759 500 933 587 praecipue
960 498 1133 564 distractae
1159 498 1300 562 notionis
1328 501 1440 582 („pri-

279 608 405 685 mam“)
426 604 495 668 vim
517 602 684 688 aptissime
706 612 817 688 auget:
841 624 919 666 nam
946 622 1019 666 oum
1042 599 1316 664 extraordinarius
1336 598 1442 666 honos

280 715 548 771 commemoretur
570 714 602 769 et
612 704 787 789 Verginius
809 704 953 768 omnium
974 703 1116 768 maxime
1130 724 1169 767 eo
1190 701 1308 788 dignus
1329 704 1442 769 331311-

279 817 387 873 matus
409 809 460 888 sit,
483 808 599 871 mirum
622 806 725 871 videri
747 806 861 892 potuit,
892 805 978 891 quod
999 805 1153 870 honorem
1175 805 1209 868 in
1231 827 1266 870 se
1288 803 1442 870 collatum

280 921 472 996 aspernatus
486 919 535 975 est
553 908 613 994 (cf.
630 930 714 996 qaue
728 910 764 972 in
781 908 843 992 §.3
865 909 965 994 liujus
984 931 1057 993 cap.
1073 912 1282 992 sequautur).
1310 906 1442 972 Livium

280 1035 358 1079 vero
386 1013 421 1076 in
450 1010 647 1078 collocandis
677 1011 784 1076 verbis
811 1009 872 1074 hoo
890 1011 1028 1097 assequi
1055 1032 1184 1096 semper
1212 1009 1382 1092 studuisse,
1404 1021 1443 1075 ut

280 1116 439 1200 gravioris
469 1136 565 1202 quam
593 1123 718 1179 ceterae
739 1112 895 1178 momenti
915 1133 1011 1178 voces
1032 1113 1191 1198 positione
1214 1133 1343 1198 quoque
1365 1133 1442 1178 con-

281 1216 413 1302 spicuae
441 1223 557 1296 essent,
587 1235 661 1280 cum
683 1237 778 1279 nemo
803 1216 837 1278 13
860 1237 897 1279 33
912 1214 1124 1281 ,mediocriter
1144 1224 1291 1280 versatus
1312 1212 1373 1278 ibit
1391 1216 1443 1278 in-

280 1317 376 1400 fitias,
405 1327 474 1384 tum
495 1317 696 1383 Ktihnastius
722 1317 756 1381 in
786 1338 978 1403 unaquaque
1003 1317 1070 1382 fere
1091 1319 1211 1404 pagina
1234 1317 1315 1400 (304
1335 1322 1442 1402 seqq.)

280 1421 406 1506 capitis,
430 1419 517 1506 quod
541 1418 845 1505 ,331113131331113α
868 1418 1066 1502 inscribitur,
1086 1431 1173 1485 recte
1194 1419 1328 1482 monuit.
1363 1417 1442 1482 Jam

281 1522 309 1586 si
338 1521 463 1588 duabus
496 1523 536 1587 de
566 1523 670 1586 causis
691 1521 886 1587 Veronensis
914 1520 1085 1586 lectionem
1111 1521 1269 1607 genuinae
1297 1521 1442 1604 speciem

280 1646 360 1710 prae
387 1646 422 1689 se
450 1625 532 1689 ferre
561 1621 786 1703 intelleximus,
811 1624 845 1687 id
867 1645 995 1710 quoque
1016 1623 1103 1688 haud
1123 1621 1358 1708 neglegendum
1380 1632 1443 1705 est,

282 1726 489 1792 Victorianus
510 1725 706 1790 recensionis
729 1722 969 1790 collocationem
996 1736 1128 1812 propter
1155 1723 1323 1790 molestum
1344 1745 1441 1789 voca

280 1827 430 1895 bulorum
455 1850 548 1912 „eum
562 1828 670 1913 ipsum
685 1828 846 1913 31113313ιιι
869 1850 981 1914 parem
996 1829 1119 1893 exitum
1141 1825 1320 1913 displicere,
1343 1849 1442 1913 quem

281 1932 342 1997 etsi
363 1953 429 1995 non
444 1953 572 2017 semper
586 1933 706 1996 vitasse
720 1930 849 1994 Livium
872 1939 1005 2013 constat,
1027 1930 1141 1994 melius
1163 1939 1260 2011 certe,
1282 1930 1309 1992 si
1323 1941 1442 2014 potest,

282 2031 463 2117 expellitur.
497 2033 619 2115 Restat,
642 2043 678 2098 ut
691 2032 845 2097 rariorem
859 2035 1031 2099 verborum
1048 2035 1339 2114 conformationem,
1362 2054 1441 2118 qua-

280 2133 345 2198 lem
366 2135 561 2199 Veronensis
593 2143 710 2216 tuetur,
743 2133 902 2220 exemplis
935 2157 977 2200 ex
1008 2136 1114 2220 prima
1144 2135 1285 2199 maxime
1318 2133 1442 2200 decade

281 2233 424 2302 collectis
447 2236 635 2301 confirmem
658 2236 831 2318 31.2,1,2
863 2258 963 2323 „quas
991 2259 1092 2305 novas
1118 2237 1181 2323 ipsi
1211 2237 1303 2300 sedes
1325 2245 1441 2302 auctae

281 2337 323 2403 ab
356 2360 391 2403 se
422 2336 634 2403 multitudinis
667 2336 898 2420 addiderunt“;
930 2338 961 2421 2,
977 2340 1007 2421 6,
1023 2342 1059 2422 83
1090 2343 1118 2422 1,
1134 2341 1185 2422 26,
1203 2341 1257 2422 10;
1288 2340 1319 2420 2,
1333 2341 1384 2422 46,
1399 2341 1440 2420 43

156 2509 160 2518 ,
281 2441 312 2520 3,
326 2440 377 2517 41,
394 2441 427 2523 a
450 2441 480 2522 3,
495 2441 548 2523 43,
563 2441 599 2522 a
621 2441 673 2522 31,
691 2442 740 2522 11,
756 2441 790 2522 3,
812 2441 864 2523 aa,
881 2441 930 2523 19,
946 2443 976 2506 3.

365 2541 568 2606 Accedamus
594 2544 664 2630 jam
692 2542 733 2607 ad
762 2541 870 2607 locum
898 2545 930 2624 4,
951 2543 1046 2626 238
1076 2544 1188 2622 [Verus
1223 2547 1441 2629 ,nequiquam

289 2644 412 2730 lsejeate
436 2646 565 2730 populo
594 2655 754 2732 querente,
784 2646 929 2728 eaodem,
958 2669 1025 2730 qua
1047 2647 1193 2711 Fidenae
1220 2645 1341 2711 deletae
1361 2648 1441 2727 siat,

280 2746 449 2814 imminere
463 2749 640 2833 fortunam
663 2748 788 2830 Veiis“,·
819 2748 915 2813 ioca:
940 2797 955 2832 ,,
981 2796 988 2812 .
1012 2798 1019 2812 .
1043 2795 1050 2810 .
1073 2751 1241 2815 imminere
1264 2748 1347 2813 Veiis
1358 2748 1439 2832 for-

279 2852 412 2916 133331α
415 2858 442 2930 J,
465 2872 529 2935 quo
552 2859 583 2915 et
604 2851 675 2934 ipso
691 2850 731 2914 de
746 2850 902 2916 enuntiati
917 2849 1061 2938 subjecto
1078 2849 1327 2936 („fortuuam“)
1342 2859 1442 2936 atque

280 2971 319 3014 eo
352 2952 586 3014 constructione
614 2951 801 3016 Accusativi
833 2972 907 3015 cum
938 2952 1095 3018 infinitivo
1129 2950 1348 3038 quaerendum
1380 2959 1442 3014 est.

281 3051 365 3117 Oum
387 3051 525 3136 simplex
546 3051 719 3118 3311131313
742 3053 819 3117 31113
842 3076 884 3118 ex
906 3053 1006 3118 solitis
1021 3050 1249 3139 grammaticae
1264 3053 1383 3140 regulis
1398 3054 1442 3117 sit

282 3153 461 3239 ,fortunam
482 3155 573 3220 Veiis
601 3155 786 3222 imminere“
812 3158 976 3243 (33132-
999 3158 1059 3243 obj.
1084 3195 1122 3206 -
1142 3159 1289 3242 proed),
1311 3158 1439 3220 inverso

280 3255 391 3322 ordine
414 3259 547 3342 (praed.
572 3297 608 3306 -
633 3259 694 3346 obj.
719 3297 756 3308 -
781 3260 882 3346 eubj.)
905 3260 1190 3324 conformationem
1212 3258 1294 3324 hanc
1318 3259 1440 3342 ,immi-

279 3380 356 3423 nere
378 3360 466 3424 Veiis
492 3360 671 3426 fortunam“
703 3360 839 3427 evadere
868 3371 1116 3426 consentaneum
1143 3369 1192 3426 est
1221 3360 1280 3446 (cf.
1303 3362 1442 3426 Kition·

279 3461 301 3529 l.
316 3462 348 3526 d.
364 3466 394 3544 ξ.
409 3463 489 3544 246)
513 3483 648 3548 eamque
663 3464 868 3528 Victorianus
890 3472 922 3530 et
939 3463 1127 3529 Nicomachi
1149 3462 1310 3530 exhibent.
1347 3464 1440 3544 Quae

278 3573 407 3648 praeter
435 3562 496 3628 hoo
517 3563 700 3650 exemplum
723 3567 841 3631 iterum
862 3577 958 3653 atque
980 3568 1110 3652 saepius
1131 3566 1220 3652 apud
1241 3565 1371 3631 Livium
1392 3567 1439 3630 in·

279 3666 406 3730 venitur
428 3667 475 3750 (5,
498 3668 550 3748 28,
575 3668 631 3751 12,
653 3669 683 3750 5,
706 3668 757 3750 29,
781 3669 799 3732 7
823 3669 934 3752 alibi),
963 3671 1019 3735 sed
1043 3678 1128 3734 certo
1151 3668 1284 3734 consilio
1307 3670 1374 3734 sive
1396 3668 1438 3733 ad

279 3769 442 3834 notionem
467 3769 607 3856 aliquam
630 3771 824 3837 efferendam
846 3774 913 3837 sive
936 3773 977 3836 ad
999 3773 1137 3856 liguram
1159 3771 1349 3837 rhetoricam
1372 3770 1439 3835 effi-

281 3871 428 3937 ciendam
460 3894 689 3959 nonnunquam
721 3875 877 3955 variatur,
912 3875 999 3960 quod
1031 3873 1196 3960 praeclare
1223 3874 1319 3939 docet
1346 3873 1437 3940 locus

279 3975 310 4057 b,
335 3975 383 4055 15,
407 3974 435 4056 7,
465 3973 522 4039 ubi
544 3997 654 4040 omnes
677 3977 824 4041 notiones
845 3977 1056 4062 transpositae
1078 3987 1161 4046 sunt.
1205 3978 1319 4064 Itaque
1341 3977 1438 4041 etiam

279 4074 340 4140 hoc
361 4075 432 4141 loco
452 4078 600 4162 scriptori
616 4079 733 4143 omisso
749 4077 887 4163 simplici
902 4078 1013 4143 ordine
1028 4081 1154 4143 inverso
1169 4101 1281 4144 vocem
1299 4079 1438 4164 „Veiis“,

279 4179 307 4242 si
328 4180 458 4264 gravius
481 4181 511 4244 ei
531 4181 658 4265 pondus
680 4180 798 4246 addere
819 4179 928 4263 voluit,
951 4181 984 4244 13
1006 4181 1068 4246 fine
1090 4183 1266 4248 sententiae
1282 4180 1440 4246 collocare

278 4279 377 4346 licuit.
420 4282 515 4347 Ratio
537 4284 644 4368 igitur,
675 4305 732 4347 cur
756 4282 884 4367 ,Veiis“
908 4285 942 4348 in
965 4284 1054 4348 exitu
1075 4285 1173 4348 totius
1194 4284 1318 4370 periodi
1338 4304 1437 4369 pona·
