3200 5030
651 367 801 464 „14-

34 643 41 656 ¹
76 567 81 578 ”
151 568 293 632 codicem
308 567 528 634 Veronensem
548 567 657 634 Faber
678 568 791 633 maluit
813 569 875 655 (cf.
893 570 1025 657 Wodrip
1043 570 1089 634 od
1103 570 1134 632 Ιι.
1149 568 1199 650 b),
1221 568 1310 652 inde,

18 677 19 754 j
67 695 79 761 ,¹
151 671 211 736 nisi
240 672 347 734 omnia
372 669 494 753 fallunt,
524 670 717 758 explicanda
746 682 804 752 est,
833 673 920 758 quod
945 671 979 735 in
1000 669 1175 757 archetypo
1198 691 1307 736 recen-

71 772 80 812 '·
149 773 243 838 sionis
266 772 474 837 Victorianae
502 774 597 857 (Ver.
625 773 757 861 pamelio
788 772 844 858 ef.¹
847 797 933 860 pap.
955 773 992 854 3)
1022 772 1126 836 forma
1152 772 1265 838 leviter
1280 797 1306 838 a

21 954 25 965 ‘
72 885 73 890 ’
148 875 325 942 Veronensi
347 875 536 961 discrepans
560 874 852 961 „relinquerentur“
875 874 988 939 addita
1001 896 1100 961 prave
1114 874 1221 939 littera
1243 881 1303 956 „n“

63 978 76 1018 V
147 986 279 1043 exarata
300 987 377 1046 erat
408 976 613 1064 Quamquam
635 979 675 1042 de
697 986 850 1064 quattuor
871 977 961 1059 locis,
984 997 1120 1063 quorum
1142 985 1308 1062 postremo

18 1080 23 1120 ³
57 1128 62 1144 ,
147 1080 343 1144 mentionem
357 1079 430 1162 feci,
445 1080 580 1166 singulis
594 1081 660 1144 iam
674 1081 821 1145 homines
837 1081 923 1145 docti
943 1088 1172 1163 exposuerunt,
1187 1088 1306 1160 tamen,
1418 1090 1425 1103 ·

34 1165 72 1270 “¹¹³²
148 1203 222 1245 cum
245 1202 299 1246 eos
322 1181 500 1248 conferrem
521 1192 619 1269 atque
642 1181 823 1267 corrigendi
846 1183 933 1247 viam
956 1180 1135 1246 Victoriani
1158 1190 1190 1246 et
1210 1180 1306 1246 Nico-

18 1290 23 1328 ·'
39 1322 44 1329 ,
59 1269 70 1328 l
147 1283 333 1348 macharum
369 1282 632 1374 demonstrarem,
666 1285 859 1351 emendandi
889 1284 1045 1348 rationem
1079 1306 1099 1347 a
1126 1283 1306 1349 Veronensi

63 1372 66 1416 ²
145 1387 310 1473 profectae
333 1386 540 1453 confirmasse
561 1389 684 1474 putavi.

36 1475 64 1522 'V
231 1487 339 1554 Semel
364 1498 531 1574 praeterea
551 1490 583 1573 4,
600 1491 683 1572 ll,1
708 1488 903 1553 Veronensis
931 1487 1097 1574 passivam
1127 1484 1305 1552 conforma·

33 1576 60 1656 '1⁵
145 1590 265 1655 tionem
293 1591 478 1672 [„consules
507 1602 663 1657 crearetur
685 1593 730 1656 M.
759 1592 881 1656 Fabius
903 1589 1092 1654 Bibulauus
1118 1587 1307 1654 Postumius

147 1699 268 1776 (praue
285 1715 351 1776 pro
373 1694 610 1775 „Postumus“)
632 1695 678 1758 M.
702 1693 861 1758 Aebutiae
884 1691 1095 1774 Corniceu‘u,
1119 1691 1306 1756 Victoriana

20 1781 44 1846 il
144 1795 291 1859 recensio
323 1796 462 1860 activam
492 1797 681 1878 [„cousulas
714 1805 828 1861 creant
860 1796 905 1860 M.
935 1795 1075 1860 Fabium
1111 1792 1305 1858 Wbulauum

18 1907 44 1948 tl·
142 1897 332 1962 Postumum
358 1899 531 1963 Aebutium
559 1897 806 1976 cornicinem]
833 1905 942 1962 tuetur
963 1907 1061 1983 atque
1083 1895 1307 1958 Mommsenus

19 1994 49 2052 '2³⁵
144 2003 243 2085 (pap.
260 2001 338 2081 183)
356 1998 628 2065 evidentissimam
646 1999 731 2064 illius
750 1998 1029 2085 interpolationem
1051 1997 1231 2082 suspicatus
1246 2006 1305 2062 est.

145 2098 211 2164 Sed
219 2100 408 2186 Wodrigiua
420 2123 462 2166 ex
474 2123 533 2166 usu
543 2102 680 2168 Liviana
691 2104 856 2189 passivam
868 2101 1025 2166 enuntiati
1033 2100 1304 2167 constructionem

25 2197 50 2259 i<
144 2201 388 2287 praeferendam
406 2225 475 2268 esse
498 2203 609 2270 docuit
631 2205 691 2290 (cf.
706 2203 836 2269 Weissb.
851 2206 889 2268 iu
909 2204 958 2270 ed.
976 2203 1107 2270 Weidm.
1130 2203 1177 2267 ad
1198 2203 1230 2268 b.
1252 2201 1273 2266 l.
1274 2207 1304 2284 ).

227 2303 302 2367 dam
329 2327 407 2371 vero
437 2305 477 2371 de
499 2308 546 2372 eis
567 2307 647 2372 locis
669 2305 899 2392 disputandum
923 2315 981 2387 est,
1003 2305 1037 2367 in
1059 2303 1177 2391 quibus
1197 2302 1305 2370 littera

25 2402 42 2468 ‚J
145 2411 206 2486 „n“
230 2408 299 2471 sive
315 2409 436 2494 scripta
450 2413 520 2474 s'ive
536 2411 655 2474 omissa
677 2420 812 2494 utraque
827 2407 923 2472 lectio
947 2429 1021 2472 cum
1036 2404 1176 2490 vulgatis
1198 2427 1302 2491 gram-

21 2503 44 2528 ''
142 2509 279 2573 maticae
301 2510 422 2596 regulis
444 2519 604 2596 convenit,
626 2511 810 2595 discrimen,
832 2522 944 2576 utram
961 2528 1143 2595 sequamur,
1170 2509 1204 2571 in
1229 2529 1304 2573 con-

31 2632 44 2653 “·
143 2610 328 2677 cordantiae
356 2612 483 2698 legibus
509 2635 531 2677 a
558 2614 651 2679 Livio
675 2613 852 2679 observatis
873 2613 1017 2677 vertitur.
1060 2609 1201 2675 Duobus
1223 2611 1304 2676 locis

22 2717 29 2776 t
143 2712 237 2794 5,27,
251 2716 289 2777 11
304 2716 430 2798 [„fldes
444 2717 608 2794 Romana,
623 2717 752 2781 iustitia
767 2716 977 2800 imperatoria
991 2712 1128 2798 infore,
1150 2716 1187 2777 iu
1202 2717 1300 2778 curia

31 2852 41 2877 r
143 2812 345 2879 celebratur‘
355 2817 450 2900 -Ver.,·
472 2816 723 2900 „calabrautur“
742 2820 836 2900 Vaot.;
859 2818 902 2903 cf.
920 2826 1055 2901 praeter
1076 2816 1300 2881 Kttbuustiuus

19 2919 39 2984 u'
137 2938 221 3002 puy.
234 2918 275 2981 67
297 2921 393 2982 etium
418 2921 447 3002 l,
461 2920 514 3002 29,
528 2921 569 3005 2,·
591 2922 621 3004 2,
637 2920 690 3003 58,
705 2923 744 3003 6,·
765 2922 818 3003 31,
833 2921 882 3003 18,
897 2922 939 2998 3]
960 2928 992 2984 et
1012 2921 1042 3002 b,
1056 2918 1139 3000 41,1
1162 2919 1301 3001 [,',turba

34 3022 36 3030 '
141 3022 306 3084 seniorum
339 3023 450 3088 domos
476 3027 619 3109 repressi
748 3025 1002 3107 εοεψοοιαόαηια
1029 3022 1117 3102 Var.,·
1148 3044 1301 3108 repressa

19 3133 21 3172 1
142 3167 150 3183 .
175 3169 182 3185 .
207 3126 459 3206 ..aspectabat
487 3126 583 3208 Vict.,·
611 3127 654 3211 of.
680 3136 816 3212 praeter
843 3127 1096 3192 Weissaubcruii
1116 3124 1298 3208 exemplum

21 3232 30 3277 i
141 3223 193 3305 26,
205 3225 287 3308 35,7
303 3229 340 3292 iu
356 3228 404 3291 eol.
418 3229 550 3294 Weidm.
564 3227 701 3296 allatum
716 3231 813 3293 etium
828 3229 858 3309 2,
869 3230 918 3310 14,
931 3228 969 3310 8,·
985 3227 1016 3308 2,
1028 3226 1119 3308 26,3,·
1135 3223 1164 3308 2,
1176 3226 1299 3309 59,11,·

19 3368 28 3394 ,·
141 3326 314 3407 27,1,12,·
343 3329 395 3409 27,
410 3331 461 3409 61,
480 3331 515 3408 1]
536 3332 606 3416 jam
636 3330 856 3395 Mommsenus
878 3329 1073 3394 Veronensis
1103 3329 1297 3414 scripturam

19 3437 24 3480 ἱ
142 3427 389 3509 commendavit,
417 3431 468 3492 cui
496 3452 627 3515 prorsus
657 3433 821 3514 assentior,
853 3431 930 3516 quia
950 3430 1145 3495 Veronensis
1171 3429 1297 3516 elegan-

139 3528 254 3593 tiorem
277 3540 309 3594 et
330 3530 551 3596 subtilioribus
572 3532 691 3618 regulis
716 3535 827 3598 nixam
849 3533 981 3598 exhibet
1002 3533 1298 3614 conformationem,

139 3652 199 3718 pro
222 3653 286 3718 qua
308 3644 505 3699 correctores
526 3633 572 3698 illi
593 3635 757 3720 vulgatam
779 3638 1012 3702 substituerunt
1034 3635 1094 3721 (cf.
1111 3636 1157 3699 ud
1170 3635 1200 3716 4,
1216 3636 1298 3717 17,9

135 3757 218 3820 pap.
241 3736 261 3800 8
284 3758 346 3820 seq.
348 3741 376 3817 ).
413 3737 517 3802 Venio
538 3737 581 3802 ad
601 3740 632 3821 4,
658 3743 707 3822 10,
731 3740 771 3805 10
792 3741 954 3826 „quinque
977 3735 1161 3803 consulatus
1183 3737 1297 3801 eodem

140 3846 250 3901 tenore
270 3839 354 3922 gesti
374 3839 504 3924 vitaque
527 3844 630 3906 omnis
659 3841 869 3906 consulariter
897 3849 969 3904 acta
997 3838 1174 3905 verendum
1193 3861 1296 3926 paene

139 3940 245 4024 ipsum
269 3943 372 4024 magis
394 3962 492 4026 quam
513 3942 667 4008 bonorem
689 3942 847 4009 faciebat“
864 3943 957 4026 Ver.;
981 3940 1180 4018 „faciebant“
1200 3941 1296 4024 Vict,

138 4043 232 4106 cuius
253 4042 317 4106 loci
339 4065 443 4130 neque
465 4065 485 4107 a
506 4045 706 4110 Mommseno
728 4068 833 4131 neque
854 4066 875 4108 a
896 4044 1067 4130 Wodrigio
1090 4043 1187 4107 ullam
1209 4065 1296 4107 men-

138 4147 258 4210 tionem
286 4145 407 4212 illatam
436 4169 505 4211 esse
535 4149 676 4213 maxime
701 4149 834 4213 miratus
856 4171 939 4214 sum.
981 4146 1174 4234 Negandum
1197 4146 1296 4230 igitur

137 4269 203 4312 non
225 4257 282 4331 est,
304 4251 454 4314 usitatam
471 4250 651 4314 secundum
671 4250 916 4315 concordantiae
938 4250 1025 4335 leges
1047 4248 1138 4314 verbi
1158 4247 1294 4311 formam

138 4351 172 4414 in
203 4353 389 4416 recensione
421 4352 608 4418 Victoriana
639 4354 786 4436 inveniri,
820 4375 894 4417 cum
931 4351 1105 4436 „faciebat“
1139 4351 1294 4414 rariorem

1064 4453 1109 4516 2*
