3200 5030
761 305 778 366 7

693 397 843 405 -ῌ-

274 510 365 590 Quae
386 507 464 571 vitia
485 506 562 570 talia
584 516 665 590 sunt,
688 517 724 572 ut
746 528 905 572 summam
927 505 1051 572 librarii
1072 509 1229 590 incuriam
1252 519 1349 596 atque

189 611 305 688 mirum
336 620 501 694 stuporem
532 608 760 692 demonstrent,
787 618 895 674 tamen
925 611 1056 675 minime
1079 612 1186 676 omnia
1207 612 1270 696 ipsi
1291 614 1349 676 tri-

99 764 101 768 .
189 711 326 794 buenda,
354 711 411 776 sed
438 733 589 795 magnam
616 710 703 777 haud
731 711 829 777 dubie
856 722 981 797 partem
1011 735 1052 778 ex
1079 713 1253 799 archetypo
1276 735 1349 798 pro-

187 823 306 901 pagata
333 835 403 877 esse
434 812 551 878 docent
573 834 646 878 cum
668 813 803 879 mendae
825 814 956 878 eaedem
978 815 1012 878 in
1033 815 1218 880 recensione
1242 815 1349 879 Victo·

187 919 278 982 riana
300 923 463 981 exstantes
485 925 553 980 tum
576 937 644 998 eae,
667 917 700 978 in
723 915 839 1001 quibus
855 916 1059 981 Victorianus
1082 917 1133 982 vel
1148 916 1349 1012 Nicomachi,

189 1039 262 1083 cum
291 1017 326 1080 in
352 1016 464 1080 codice
494 1038 550 1081 suo
579 1018 775 1082 invenissent
795 1027 901 1104 atque,
930 1029 967 1083 ut
988 1021 1194 1104 corrigerent,
1217 1041 1349 1104 operam

187 1129 353 1200 navarent,
376 1119 508 1202 originis
529 1118 729 1204 corruptelae
750 1121 905 1186 rationem
927 1143 992 1185 non
1007 1119 1198 1186 habuerunt.
1233 1121 1348 1206 Itaque

190 1245 263 1287 cnm
290 1219 447 1308 plurimae
474 1229 644 1308 corruptae
672 1221 844 1287 verborum
869 1223 991 1288 formae
1012 1223 1053 1287 ab
1075 1222 1137 1287 illis
1158 1222 1348 1307 legerentur,

188 1322 282 1389 facile
307 1323 376 1388 fieri
404 1323 519 1408 potuit,
548 1332 584 1387 ut
605 1325 709 1388 omnis
731 1325 834 1388 rarior
855 1325 1065 1390 conformatio
1087 1333 1240 1442 suspecta
1262 1333 1349 1389 esset

188 1425 321 1492 madeo
344 1424 537 1491 emendandi
559 1425 665 1492 studio
687 1435 943 1531 raperentur,ut
907 1426 1107 1492 uttverba
1075 1449 1091 1490 e
1093 1428 1170 1492 tiam
1186 1436 1272 1492 recte
1285 1436 1350 1491 tra-

188 1528 300 1594 ditat
286 1537 406 1594 temore
438 1527 678 1645 interpolarent
730 1503 773 1594 si
797 1529 896 1613 igitur
926 1531 961 1592 in
988 1529 1145 1594 eiusmodi
1173 1526 1263 1611 locis,
1291 1529 1350 1594 ubi

187 1630 354 1716 utriusque
382 1629 576 1694 recensionis
609 1632 769 1716 scriptura
797 1654 856 1717 per
884 1654 918 1697 se
947 1633 1019 1718 ipsa
1047 1633 1155 1696 sensui
1184 1630 1348 1714 satisfacit,

188 1754 294 1814 causa,
324 1754 382 1796 cur
407 1742 530 1797 mutare
552 1733 712 1798 voluerint
732 1730 779 1796 illi
800 1734 871 1815 viri,
902 1742 1046 1820 apparet,
1067 1732 1154 1798 haud
1176 1733 1348 1818 neglegen-

186 1833 247 1899 dus
270 1832 382 1898 saltem
398 1835 595 1900 Veronensis
616 1835 757 1918 videtur3
779 1837 806 1899 si
827 1858 903 1902 vero
926 1847 983 1901 aut
1005 1857 1108 1901 sermo
1124 1835 1277 1899 Livianus
1292 1843 1349 1899 aut

185 1935 248 2001 loci
269 1935 416 2000 condicio
438 1936 610 2002 lectionem
625 1937 820 2002 Veronensis
842 1938 945 2022 magis
968 1935 1181 2016 commendat,
1201 1937 1269 2000 sine
1284 1934 1348 2000 ulla

1 2043 12 2096 ’.
108 2117 113 2130 ⁸
187 2036 386 2102 dubitatione
407 2039 591 2124 recipienda
613 2049 669 2103 est.
706 2038 943 2104 Accedentibus
953 2041 1023 2126 jam
1038 2039 1078 2103 ad
1094 2035 1235 2123 singulos
1249 2037 1347 2122 locos,

188 2148 368 2225 temporum
397 2139 629 2227 discrepantias
658 2141 764 2226 priore
790 2139 860 2205 loco
889 2164 1009 2228 ponere
1030 2143 1122 2207 nobis
1144 2138 1248 2223 liceat,
1272 2142 1348 2226 quia

189 2241 408 2361 compluribus
442 2242 598 2328 exemplis
626 2243 802 2308 Victoriani
835 2253 867 2307 et
898 2227 1169 2308 Nicomachorum
1201 2244 1348 2309 mutandi

188 2354 238 2409 rat
238 2347 269 2409 io
291 2344 454 2432 praeclare
476 2344 633 2431 intellegit
633 2368 680 2415 ur

273 2447 406 2529 Locum,
430 2448 485 2533 qui
508 2458 556 2512 est
543 2450 601 2530 t3,
615 2447 659 2512 44
660 2449 830 2531 ,4[„post
831 2470 928 2532 quam
951 2448 1063 2512 omnia
1080 2448 1210 2531 pudore
1232 2458 1348 2533 saepta

189 2551 422 2614 animaduertit
424 2555 443 2589 “
410 2551 557 2631 t.Ver,
587 2551 910 2633 „animadverterut“
941 2549 1036 2627 Visa]
1065 2549 1347 2616 Weissenbornius

188 2651 222 2713 in
243 2651 448 2715 annotatione
470 2651 619 2716 editionis
634 2651 922 2715 Weidmannianae
943 2652 1093 2715 tractavit
1115 2653 1348 2736 quaestionem-

190 2773 253 2836 que
282 2751 322 2816 de
351 2773 389 2816 eo
418 2752 460 2816 ad
486 2752 583 2816 finem
611 2752 773 2839 perduxit,
802 2774 874 2815 cum
904 2773 947 2814 ex
973 2774 1034 2815 usu
1062 2750 1190 2816 dicendi
1211 2751 1347 2818 Liuiano

183 2855 378 2918 Veronensis
399 2855 537 2918 formam
558 2877 666 2919 veram
689 2877 758 2920 esse
780 2855 1022 2919 demonstraret.
1057 2854 1221 2920 Mutarunt
1239 2865 1347 2921 autem

184 2957 391 3022 Victorianus
406 2956 459 3021 vel
474 2956 674 3038 Nicomachi,
691 2957 787 3043 quod,
804 2958 832 3021 si
847 2979 910 3020 non
927 2977 1078 3040 expresse
1094 2956 1228 3041 addidit,
1239 2966 1347 3023 tamen

184 3067 269 3123 certe
290 3059 343 3125 ille
363 3064 537 3145 perspexit,
559 3069 595 3124 ut
617 3057 752 3124 similem
775 3057 946 3124 verborum
968 3059 1102 3140 exitum,
1126 3058 1347 3134 „animadver-

184 3162 243 3226 tiu‘
278 3201 316 3211 —
351 3163 547 3236 „convertis
583 3162 739 3227 evitarent
771 3161 832 3246 (cf.
863 3164 1009 3228 Momms.
1042 3161 1064 3226 l.
1095 3162 1126 3225 d.
1150 3185 1232 3249 pap.
1257 3162 1345 3243 188).

183 3261 316 3348 Legitur
345 3265 429 3328 enim
457 3265 491 3327 in
512 3264 576 3328 fine
596 3265 793 3352 insequentis
816 3265 971 3328 enuntiati
993 3262 1171 3348 perfectum
1196 3285 1347 3338 „conver-

184 3365 252 3447 titl,
281 3387 380 3451 quare
408 3367 441 3430 in
469 3367 687 3432 antecedentis
713 3367 867 3432 enuntiati
896 3363 999 3429 forma
1027 3365 1290 3440 „animadvertit“
1315 3376 1347 3431 et

184 3475 254 3552 ipsa
275 3466 386 3532 ultimo
408 3467 479 3532 loco
507 3469 613 3555 posita
634 3468 772 3555 quadam
790 3469 874 3555 juris
897 3468 1005 3554 specie
1028 3467 1235 3532 offenderunt.
1281 3467 1346 3534 Sed

115 3599 119 3608 ·
184 3569 388 3636 conferantur
417 3569 552 3635 collecta
579 3593 600 3634 a
621 3570 883 3635 Weissenbornio
913 3568 1159 3635 homoeotelenti
1186 3569 1345 3657 exempla,

185 3693 320 3758 quorum
350 3695 503 3738 numerus
531 3671 625 3737 facile
657 3673 771 3757 augeri
802 3682 909 3758 potest
938 3670 1028 3736 velut
1058 3671 1345 3737 innumerabilibus

183 3770 271 3854 locis,
303 3775 357 3859 qui
384 3775 526 3861 perfecta
552 3776 585 3838 in
609 3780 701 3852 „ere“
726 3773 872 3839 cadentia
893 3776 927 3839 in
948 3775 1011 3838 fine
1034 3772 1170 3839 duarum
1193 3774 1345 3861 deinceps

184 3875 437 3941 enuntiationum
460 3878 613 3943 exhibent
636 3877 681 3964 (3,
696 3876 748 3959 43,
764 3877 804 3960 4,·
827 3879 857 3959 2,
873 3877 924 3959 65,
941 3879 986 3962 6).
1023 3875 1110 3957 Quin
1133 3877 1229 3942 etiam
1244 3874 1344 3942 multo

183 3977 286 4041 rarior
308 3986 356 4040 est
377 3980 558 4063 conjunctio
574 3979 749 4044 formarum
765 3980 892 4046 diverso
908 3979 998 4043 exitu
1014 3981 1121 4062 („ere“
1142 4018 1178 4027 -
1196 3979 1344 4062 ‚,erunt“)

182 4081 218 4143 in
246 4081 411 4146 sententiis
439 4081 630 4167 propinquis
658 4092 790 4168 arteque
823 4079 1083 4162 cohaerentibus,
1116 4087 1153 4143 ut
1180 4080 1214 4142 in
1240 4080 1345 4165 prima

183 4181 307 4249 decade
322 4205 428 4270 pauca
442 4192 567 4249 tantum
582 4184 731 4271 exempla
745 4173 981 4270 indagaverim:
1003 4185 1034 4266 4,
1050 4182 1101 4265 59,
1119 4182 1174 4263 10;
1197 4183 1226 4262 6,
1242 4181 1293 4264 22,
1308 4183 1344 4264 43

187 4286 612 4381 mmhmffib,
