3200 5030
828 262 850 323 4

761 350 913 359 —-——.

251 465 340 532 haud
361 465 457 530 valde
478 486 499 528 a
513 465 711 530 Veronensis
732 463 907 550 archetypo
930 462 1079 526 differens
1099 462 1134 524 in
1151 462 1301 526 monibus
1316 463 1424 530 habu·

251 571 346 635 erint.
386 567 500 654 Itaque
522 576 649 653 praeter
670 567 809 630 minores
831 564 1064 651 discrepantias
1085 562 1289 628 librariorum
1310 567 1423 650 negle-

252 671 364 758 gentia
378 680 463 734 ortas
479 691 589 734 ornnes
604 668 757 734 lectiones
775 669 971 733 recensionis
986 667 1190 732 Victorianae
1205 689 1226 730 a
1239 666 1423 734 Veronensi

253 773 457 838 discedentes
480 771 668 836 tribuendae
691 781 765 835 sunt
785 770 972 836 Victoriano
993 769 1045 834 vel
1066 769 1285 833 Nicomachis:
1308 772 1422 851 Quare

253 897 327 940 mea
348 876 478 960 quidem
502 875 660 938 sententia
680 894 797 958 parum
817 870 987 959 probabile
1009 883 1066 952 est,
1090 870 1177 957 quod
1197 871 1421 939 Mommsenus

255 984 354 1064 (pop.
384 977 443 1041 177
467 980 570 1062 seqq.)
600 987 633 1040 et
658 973 848 1060 Wodrigius
881 982 978 1059 (paq.
1007 974 1027 1036 3
1055 975 1145 1055 1811,
1169 997 1254 1059 pop.
1277 975 1296 1038 8
1319 976 1367 1040 od
1389 979 1422 1060 3,

257 1081 307 1162 19,
333 1081 368 1161 1,
394 1101 478 1165 pop.
501 1078 542 1142 27
566 1079 611 1142 od
631 1079 663 1160 4,
693 1077 744 1158 56,
773 1079 809 1159 1,
837 1077 935 1158 olibi)
968 1076 1161 1140 assentiente
1191 1075 1275 1140 libro
1308 1076 1419 1162 aliquo

255 1181 387 1247 alterius
409 1181 606 1245 recensionis
630 1181 823 1265 scripturam
838 1179 1034 1244 Veronensis
1057 1177 1242 1242 confirmari
1263 1178 1423 1244 arbitran-

255 1294 319 1366 tur,
342 1303 416 1344 cum
438 1291 571 1368 propter
592 1304 763 1347 commune
787 1280 915 1344 illorum
937 1281 1092 1345 librorum
1114 1281 1314 1367 archetypon
1335 1283 1422 1347 eius·

256 1385 346 1449 modi
372 1386 549 1470 scripturas
577 1407 649 1448 cum
672 1384 851 1449 Veronensi
878 1392 1091 1468 congruentes
1118 1391 1175 1447 881
1196 1385 1343 1449 fortuitas
1365 1395 1423 1450 aut

255 1489 290 1552 in
310 1487 402 1551 libris
426 1485 559 1551 secundi
581 1485 701 1550 ordinis
723 1509 744 1550 8
762 1495 940 1550 correctore
962 1485 1121 1573 profectas
1137 1508 1207 1551 esse
1221 1509 1354 1553 necesse
1370 1489 1422 1554 811.

257 1588 320 1656 Oui
350 1590 396 1652 rei
426 1589 546 1674 optimo
576 1589 767 1652 documento
796 1600 844 1652 est
873 1587 976 1652 codex
998 1588 1186 1673 Leydensis,
1212 1591 1268 1675 qui
1291 1591 1421 1676 saepius

258 1711 355 1777 quam
388 1691 487 1755 ceteri
514 1689 662 1754 meliores
688 1691 882 1756 recensionis
909 1690 1114 1757 Victorianae
1141 1690 1215 1755 libri
1244 1692 1422 1757 Veronensi

257 1792 485 1879 adstipulatur,
512 1813 585 1856 curn
616 1814 725 1857 omnes
751 1791 813 1866 loci
835 1813 908 1856 oum
930 1793 992 1856 hoc
1014 1794 1248 1858 consentientes
1270 1797 1316 1859 ita
1337 1816 1423 1858 com-

258 1896 364 1982 parati
386 1897 460 1979 sint,
482 1904 519 1959 81
540 1904 717 1961 concentus
740 1897 806 1960 sive
828 1896 862 1958 in
883 1893 971 1959 181818
987 1897 1057 1961 sive
1070 1896 1104 1959 in
1119 1897 1215 1961 rectis
1230 1895 1423 1963 lectionibus

258 1995 353 2062 188118
382 2019 459 2062 casu
487 1998 626 2062 existere
657 1999 798 2082 potuerit
819 1997 880 2082 (cf.
902 1999 932 2079 3,
956 2000 984 2079 7,
1008 1999 1044 2080 7,·
1067 1999 1097 2080 3,
1121 1999 1171 2081 12,
1193 2000 1233 2080 5,
1255 2001 1287 2080 3,
1309 2000 1360 2081 30,
1381 2001 1422 2080 4,·

259 2101 291 2181 3,
313 2099 365 2180 34,
387 2099 426 2181 8,
456 2099 487 2180 3,
509 2099 560 2180 35,
584 2101 621 2180 7,
650 2100 681 2182 3,
703 2101 755 2180 38,
777 2103 818 2182 4,
849 2101 878 2182 3,
900 2101 951 2181 42,
973 2103 1012 2182 4,
1040 2101 1071 2182 3,
1092 2103 1145 2182 44,
1168 2100 1209 2183 7,·
1236 2101 1265 2183 3,
1288 2101 1339 2182 61,
1365 2102 1422 2184 13,

259 2203 290 2283 3,
313 2199 365 2284 63,
387 2202 426 2281 4,
460 2201 490 2280 3,
513 2201 564 2281 68,
587 2201 627 2282 3,·
660 2202 690 2282 4,
719 2202 748 2282 7,
775 2204 816 2282 4,
850 2204 881 2283 4,
911 2203 960 2284 12,
986 2203 1025 2284 3,
1058 2205 1088 2283 4,
1112 2204 1162 2284 13,
1185 2203 1222 2283 3,
1255 2204 1423 2285 4,17,1,

260 2306 291 2384 4,
320 2303 370 2385 17,
397 2304 438 2384 4,
471 2303 502 2383 4,
529 2301 581 2383 56,
610 2303 670 2383 12,
705 2305 736 2384 5,
757 2305 788 2384 4,
811 2303 849 2386 7,
882 2305 912 2385 5,
935 2306 965 2384 9,
990 2306 1028 2386 1,-
1061 2303 1092 2386 5,
1113 2305 1165 2385 44,
1187 2305 1225 2385 3,
1257 2306 1287 2387 5,
1309 2306 1362 2386 49,
1384 2307 1423 2386 6,

260 2407 292 2487 5,
313 2405 365 2486 52,
389 2405 446 2487 13,
479 2405 510 2485 6,
534 2407 563 2485 1,
585 2404 625 2486 8,·
658 2404 688 2486 6,
709 2407 741 2486 4,
764 2405 803 2487 6,·
838 2406 877 2470 de
899 2407 930 2488 3,
953 2407 983 2487 7,
1007 2407 1048 2487 7,
1080 2406 1111 2488 3,
1136 2405 1185 2487 12,
1207 2407 1245 2488 5,
1274 2405 1307 2488 3,
1328 2407 1425 2488 42,4

262 2509 329 2573 oid.
353 2507 491 2588 128818).

348 2609 384 2673 81
404 2608 504 2694 igitur
525 2607 565 2672 de
587 2609 745 2694 scriptura
766 2610 849 2674 inter
870 2612 958 2696 ipsos
980 2609 1078 2675 libros
1099 2611 1296 2675 recensionis
1318 2610 1426 2675 Victo-

259 2711 369 2776 rianae
397 2732 463 2775 888
488 2713 650 2794 convenit,
679 2713 819 2797 primum
845 2713 878 2776 id
904 2715 1020 2798 agitur,
1050 2723 1084 2777 ut
1106 2737 1149 2777 ex
1170 2713 1232 2776 11118
1255 2735 1327 2778 eam
1350 2734 1424 2777 con·

259 2811 484 2877 formationem
507 2835 666 2895 eruamus,
690 2835 771 2898 quae
792 2813 889 2880 fuerit
908 2815 1087 2900 archetypi.
1128 2813 1256 2879 Deinde
1278 2815 1311 2877 18
1336 2816 1424 2878 8881

260 2913 411 2999 graviore
425 2915 647 2978 recensionum
664 2914 844 2980 differentia
859 2915 918 2981 hoc
935 2916 1154 3003 quaerendum
1169 2926 1226 2999 est,
1250 2939 1327 2980 num
1343 2915 1424 2980 18188

262 3015 418 3103 praebeat
438 3015 634 3080 Veronensis
662 3027 702 3098 81,
733 3018 760 3080 81
788 3016 896 3101 tradit,
923 3019 1086 3105 quomodo
1113 3021 1182 3084 8188
1209 3019 1425 3105 corruptelam

227 3188 229 3190 ,
262 3127 366 3182 ortam
392 3139 462 3182 8888
489 3120 676 3203 cogitemus.
720 3117 787 3183 Ubi
807 3122 877 3206 jam
905 3122 975 3186 vitii
999 3123 1136 3206 vestigia
1158 3132 1328 3208 sequentes
1350 3121 1424 3185 Vic-

261 3219 423 3284 torianum
439 3229 470 3285 et
484 3219 699 3286 Nicomachos
715 3223 892 3288 correxisse
906 3223 1166 3306 intellexerimus,
1181 3227 1235 3290 via
1249 3247 1287 3289 88
1301 3225 1424 3289 ratione

261 3321 413 3386 mendam
447 3322 616 3409 expulsam
647 3347 718 3389 esse
750 3324 929 3391 credemus.
984 3326 1049 3392 Sed
1085 3326 1172 3391 haud
1203 3349 1277 3393 raro
1309 3326 1423 3418 vitium

262 3425 443 3488 communis
464 3424 560 3490 fontis
578 3426 623 3490 ita
637 3425 718 3490 illud
733 3427 872 3514 quidem,
895 3439 931 3494 81
945 3431 1052 3494 sensui
1068 3429 1242 3495 satisfaciat
1256 3431 1424 3514 scriptura,

262 3545 376 3589 verum
401 3535 437 3589 81
465 3528 621 3612 originem
651 3529 787 3594 mendae
808 3551 874 3594 non
895 3525 1053 3616 respiciat,
1072 3539 1231 3597 mutatum
1254 3554 1324 3596 esse
1346 3551 1423 3594 non·

263 3623 369 3690 881188
392 3626 544 3694 188118888
566 3651 586 3693 8
606 3630 807 3697 Mommseno
829 3641 861 3697 et
882 3631 1053 3718 Wodrigio
1077 3657 1094 3698 e
1116 3634 1228 3698 codice
1243 3633 1425 3698 Veronensi

262 3729 409 3794 restitute
431 3729 650 3798 demonstrant
671 3731 759 3799 velut
779 3734 810 3817 3,
832 3736 861 3816 6,
876 3734 910 3817 5,
933 3736 964 3816 3,
980 3736 1010 3817 8,
1025 3737 1059 3818 6,
1082 3737 1180 3819 3,36,
1198 3738 1253 3819 10,
1275 3737 1306 3817 3,
1322 3737 1373 3817 64,
1388 3736 1425 3816 2,

263 3831 294 3913 4,
317 3831 368 3913 35,
391 3831 412 3894 4
438 3831 529 3898 81188.
574 3833 685 3915 Quid?
711 3837 738 3900 81
762 3844 898 3923 utraque
927 3839 1071 3903 recensio
1092 3837 1264 3904 lectionem
1286 3837 1426 3902 sermoni

263 3931 399 3998 Liviano
422 3935 664 4001 convenientem
679 3937 819 4020 exhibet,
843 3961 958 4022 88888,
981 3943 1134 4027 quoniam
1148 3941 1369 4007 Veronensem
1383 3938 1425 4003 ab

265 4035 428 4100 incurioso
451 4035 579 4102 librario
602 4050 779 4123 exaratum,
801 4041 931 4106 alterius
951 4044 1146 4108 recensionis
1166 4044 1267 4110 verba
1281 4040 1425 4107 adhibito

265 4137 442 4223 exemplari
464 4138 588 4204 mendis
611 4141 843 4208 confertissimo
865 4165 885 4207 8
902 4145 980 4210 viris
993 4145 1171 4211 litterarum
1187 4146 1292 4212 studio
1308 4143 1426 4210 deditis

265 4237 465 4306 8881888818
486 4263 557 4308 8888
580 4245 709 4329 scimus,
734 4245 989 4334 interpolationis
1010 4249 1151 4336 suspicio
1173 4251 1207 4314 in
1229 4257 1427 4314 correctores
