3200 5030
824 321 867 386 40

262 525 488 590 Victorianum
510 521 680 607 singularis
705 523 855 606 „inermi‘
880 519 1027 586 variandi
1055 521 1159 605 gratia
1180 531 1311 607 propter
1332 545 1427 608 para-

264 627 381 713 graphi
406 627 574 712 proximae
601 622 758 711 pluralem
789 625 964 707 „inermes“
992 622 1128 708 legatur.
1172 625 1312 705 Quartus
1334 624 1426 691 locus

265 740 313 796 est
334 730 365 811 4,
388 728 417 810 7,
438 729 475 812 8,
505 748 568 813 quo
590 727 795 792 Victorianus
816 725 868 792 vel
889 725 1091 807 Nicomachi,
1120 747 1191 790 cum
1220 727 1253 790 in
1275 735 1428 814 quattuor

266 830 412 896 eiusdem
436 831 542 894 exitus
563 828 715 915 perfectis
741 829 896 913 „coiere“,
921 833 1121 912 „creavere“,
1146 830 1303 914 „vicere“,
1335 829 1426 914 „reli-

266 936 383 1018 quere“
408 930 615 1014 offenderent,
637 931 766 996 tertium
790 941 994 996 mutaverunt
1014 930 1075 1016 (cf.
1098 954 1204 1016 supra
1222 955 1304 1018 pop.
1320 933 1425 1014 9l10).

350 1033 461 1098 Paullo
484 1033 646 1118 copiosius
670 1033 840 1098 dicendum
864 1041 914 1096 est
935 1032 986 1097 de·
996 1033 1027 1114 4,
1042 1034 1093 1115 25,
1110 1034 1159 1114 13,
1190 1035 1246 1119 qui
1269 1033 1360 1098 locus
1382 1035 1426 1100 ad

265 1134 439 1202 verborum
460 1133 605 1199 ordinem
626 1135 774 1219 pertinet,
800 1134 856 1200 ubi
877 1135 1014 1199 traditur
1035 1135 1068 1197 in
1089 1135 1269 1200 Veronensi
1291 1159 1350 1220 „ne
1373 1139 1427 1201 cui

266 1236 377 1302 album
399 1237 433 1300 in
455 1237 683 1301 vestimentum
706 1236 824 1302 addere
845 1238 964 1323 ptionis
988 1246 1068 1322 (pro
1086 1240 1310 1322 „petitioois“)
1327 1260 1428 1305 causa

265 1339 406 1420 liceret‘,
434 1340 469 1402 in
490 1339 675 1404 Victoriana
706 1361 764 1422 „ne
791 1341 847 1404 cui
872 1338 982 1403 album
1004 1341 1037 1402 in
1059 1341 1285 1406 vestimentum
1307 1341 1428 1408 addere

266 1442 430 1528 petitionis
445 1440 555 1507 liceret
569 1446 698 1506 causa“.
727 1439 898 1507 Accedunt
911 1451 1039 1527 praeter
1054 1463 1136 1524 eam,
1152 1443 1192 1507 de
1209 1465 1271 1530 qua
1286 1444 1428 1529 agimus,

267 1543 533 1609 consuetudinem
560 1544 756 1609 recensionis
782 1544 987 1609 Victorianaa
1013 1585 1055 1594 —
1083 1547 1246 1611 antecedit
1277 1548 1363 1611 enirn
1394 1549 1429 1612 in

266 1646 416 1732 proximo
448 1667 546 1711 versu
579 1646 781 1728 „ambitionis
818 1649 934 1708 causa“
972 1655 1004 1712 et
1038 1647 1145 1732 paullo
1182 1659 1256 1713 ante
1291 1648 1429 1714 verbum

270 1746 402 1832 „liceat“
426 1748 460 1811 in
481 1746 546 1811 fine
568 1747 723 1812 enuntiati
738 1745 930 1811 collocatum
944 1748 1084 1814 -duae
1106 1772 1168 1833 res,
1190 1772 1272 1836 quae
1287 1761 1428 1835 movent,

267 1859 304 1915 ut
318 1850 514 1914 Veronensis
536 1848 708 1914 verborum
732 1849 875 1914 ordinem
898 1872 956 1936 pro
979 1852 1118 1934 genuino
1134 1851 1319 1918 habeamus.
1359 1855 1429 1919 Pri-

267 1974 356 2016 mum
384 1952 515 2037 quidem
543 1952 686 2038 legibus,
723 1950 827 2038 qualis
856 1950 1013 2017 hocloco
1047 1963 1329 2036 commemoratur,
1363 1979 1429 2021 non

268 2055 373 2139 magis
405 2077 502 2141 quam
533 2055 719 2120 enarrandis
746 2053 903 2139 prodigiis
932 2055 1092 2141 rebusque
1122 2057 1221 2121 sacris
1254 2060 1430 2124 contortior

268 2156 441 2223 verborum
457 2157 622 2221 collocatio
638 2157 787 2220 convenit
802 2157 861 2241 (cf
874 2158 982 2222 Luchs
996 2159 1018 2222 1.
1034 2160 1065 2222 cl.
1078 2157 1196 2244 Prole9
1205 2181 1289 2246 pap.
1304 2160 1363 2226 CX
1367 2162 1399 2226 V.
1401 2166 1429 2243 ),

267 2257 383 2324 deinde
411 2267 607 2344 quantopere
630 2258 824 2322 Veronensis
851 2257 1001 2323 librarius
1029 2259 1070 2325 ab
1100 2260 1345 2346 interpolatione
1374 2264 1430 2329 ab·

267 2359 427 2426 horruerit
451 2361 541 2446 ipse,
574 2359 691 2424 menda
720 2359 908 2424 stultissima
937 2361 1005 2426 sive
1033 2373 1212 2449 propagata
1245 2365 1312 2428 sive
1340 2363 1430 2430 illata

271 2460 408 2547 „addere
435 2462 573 2548 ptionis“
602 2461 794 2526 documento
825 2469 881 2526 est.
926 2461 1034 2527 Etiam
1055 2464 1239 2550 Madvigius
1264 2469 1299 2531 in
1320 2469 1428 2533 noris-

269 2564 350 2628 sima
382 2564 467 2628 Livii
497 2563 636 2630 editione
665 2564 776 2654 (1873)
806 2567 998 2650 scripturam
1020 2565 1216 2632 Veronensis
1243 2571 1278 2633 in
1305 2579 1430 2636 textum

268 2669 399 2751 recepit.
443 2666 516 2731 Jam
539 2674 575 2731 ut
596 2668 784 2732 sententiam
800 2666 1065 2749 Weissenbornii,
1089 2670 1144 2755 qui
1165 2672 1331 2736 annotavit
1354 2672 1432 2755 „der

269 2769 387 2834 Veron.
412 2769 468 2833 bat
494 2768 546 2833 die
568 2766 816 2854 gebrauchliche
839 2769 998 2854 Ordnuug
1022 2773 1204 2857 „petitionis
1226 2795 1324 2838 causa
1345 2773 1431 2860 lic.“,

269 2871 353 2936 doch
381 2873 424 2935 ist
451 2873 485 2934 in
513 2871 580 2935 ihm
609 2871 691 2935 auch
715 2880 803 2935 sonst
825 2872 895 2936 eine
916 2873 1057 2956 weniger
1076 2872 1324 2958 gebrauchliche
1347 2877 1430 2943 Ord-

267 2995 357 3058 nuug
371 2973 527 3057 geandert
541 2994 566 3036 s.
582 2994 610 3039 c.
626 2974 677 3055 23,
695 2974 727 3055 13
750 2974 780 3053 3,
796 2975 848 3055 61,
864 2975 900 3056 73
923 2975 973 3056 67,
989 2976 1025 3056 63
1047 2977 1078 3057 4,
1095 2975 1144 3057 17,
1163 2979 1220 3040 116
1244 2977 1430 3064 refutemus,

269 3073 465 3140 monendum
493 3081 557 3156 est,
586 3074 734 3158 exempla
763 3077 794 3156 4,
818 3076 869 3158 23,
893 3077 926 3158 13
956 3077 985 3158 3,
1006 3078 1096 3159 61,7
1128 3080 1322 3144 contrarium
1348 3081 1431 3165 eius,

224 3205 228 3212 ·
271 3176 359 3263 quod
387 3174 456 3241 vult
487 3176 720 3259 demonstrare,
755 3198 827 3240 cum
856 3177 1051 3244 Veronensis
1080 3181 1313 3246 inusitatiorem
1342 3183 1431 3269 apud

268 3278 396 3344 Livium
419 3279 592 3344 verborum
608 3278 752 3344 ordinem
768 3279 918 3345 exhibeat
933 3281 992 3365 (cf.
1008 3284 1118 3367 ipsum
1132 3284 1202 3349 We.
1218 3286 1263 3348 cd
1277 3287 1307 3367 4,
1323 3286 1374 3366 23,
1391 3287 1429 3368 1,·

268 3393 297 3445 ct
319 3406 403 3469 qaae
425 3405 483 3468 090
507 3383 551 3446 ad
573 3383 603 3464 3,
625 3383 676 3464 61,
699 3384 819 3468 71309.
835 3381 877 3446 34
892 3405 954 3468 seq.
978 3386 1135 3470 scripsi),
1163 3387 1293 3450 tertium
1322 3387 1430 3452 locum

267 3483 298 3566 3,
314 3484 364 3566 67,
381 3485 400 3549 6
415 3486 449 3548 in
463 3484 649 3549 Victoriana
663 3483 755 3548 aliter
777 3505 905 3570 quoque
927 3495 1112 3572 corruptum
1135 3510 1204 3552 esse
1227 3489 1310 3572 (vid.
1332 3489 1430 3575 iufra

266 3609 347 3672 pay.
363 3585 439 3668 42),
469 3584 609 3670 denique
638 3587 670 3668 4,
696 3585 803 3668 17,11
833 3595 942 3672 aperte
971 3587 1198 3673 interpolatum
1225 3613 1311 3674 0000,
1343 3593 1430 3678 quod

263 3688 333 3774 jam
355 3685 600 3772 explicabimus.
802 3713 804 3718 ·

353 3789 480 3853 Primus
504 3787 651 3876 Onperus
674 3791 734 3875 (ef.
750 3791 918 3856 Draheob.
934 3794 978 3856 cd
995 3794 1024 3856 h.
1039 3793 1079 3873 1.)
1101 3793 1135 3856 in
1156 3793 1361 3862 Victorianaa
1382 3821 1430 3862 re-

270 3892 432 3956 censionis
450 3890 585 3956 lectione
603 3891 763 3977 „legiones
779 3893 899 3958 auxilio
914 3893 1098 3959 faliscorum
1113 3901 1287 3960 venerunt“
1305 3921 1432 3964 summo

263 3993 337 4080 jure
360 3993 493 4058 offendit
514 4003 546 4058 et
567 4016 627 4079 pro
650 4017 688 4059 ea
712 3994 852 4078 „auxilia
871 3994 1074 4060 faliscorum“
1090 4020 1207 4084 parum
1220 3999 1433 4084 probabiliter

269 4095 367 4160 scribi
384 4097 492 4181 jussit.
535 4097 663 4162 Deinde
687 4096 834 4162 Kiehlius
859 4105 874 4181 (
878 4100 1087 4186 Mnemosyne
1109 4101 1136 4183 I,
1159 4101 1200 4165 95
1201 4105 1218 4183 )
1247 4105 1432 4189 conjectura

269 4196 356 4261 haud
384 4197 480 4263 dubie
509 4219 601 4281 vera,
629 4201 750 4286 quippe
780 4201 834 4264 cni
854 4200 1050 4266 Veronensis
1077 4202 1289 4290 adstipuletur
1317 4206 1430 4290 (falia

269 4320 379 4366 eorum
392 4301 631 4386 cuciliolruml)
644 4322 803 4388 quamq-ue
817 4302 1002 4388 Madvigius
1015 4307 1081 4388 (ed.
1094 4306 1215 4388 altero)
1226 4316 1259 4371 et
1268 4308 1432 4373 Weissen-
